<?xml version='1.0'?>
<collection xmlns='http://www.loc.gov/MARC21/slim'
      xmlns:xsi='http://www.w3.org/2001/XMLSchema-instance'
      xsi:schemaLocation="http://www.loc.gov/MARC21/slim http://www.loc.gov/standards/marcxml/schema/MARC21slim.xsd">
<record><leader>30298cim a22004117i 4500</leader><controlfield tag='001'>99125483042606421</controlfield><controlfield tag='005'>20231113150823.0</controlfield><controlfield tag='006'>m     q  h</controlfield><controlfield tag='007'>sz#zunnnnnnneu</controlfield><controlfield tag='008'>220624s2019    ko nnnn q      f  n kor d</controlfield><datafield ind1=' ' ind2=' ' tag='020'><subfield code='a'>9791128840692</subfield><subfield code='q'>(sound recording)</subfield></datafield><datafield ind1=' ' ind2=' ' tag='035'><subfield code='a'>(OCoLC)1332986482</subfield></datafield><datafield ind1=' ' ind2=' ' tag='035'><subfield code='a'>(OCoLC)on1332986482</subfield></datafield><datafield ind1=' ' ind2=' ' tag='040'><subfield code='a'>PUL</subfield><subfield code='b'>eng</subfield><subfield code='e'>rda</subfield><subfield code='e'>pn</subfield><subfield code='c'>PUL</subfield><subfield code='d'>PUL</subfield><subfield code='d'>OCLCO</subfield><subfield code='d'>PUL</subfield></datafield><datafield ind1='0' ind2='0' tag='245'><subfield code='6'>880-01</subfield><subfield code='a'>100-in ŭi paeu, uri munhak ŭl ikta :</subfield><subfield code='b'>odio puk /</subfield><subfield code='c'>[chŏja, Na Hye-sŏk [and 99 others] ; kuyŏn, Yun Sŏk-hwa [and 102 others]].</subfield></datafield><datafield ind1='0' ind2='0' tag='880'><subfield code='6'>245-01</subfield><subfield code='a'>100인 의 배우, 우리 문학 을 읽다 :</subfield><subfield code='b'>오디오 북 /</subfield><subfield code='c'>[저자, 나 혜석 [and 99 others] ; 구연, 윤 석화 [and 102 others]].</subfield></datafield><datafield ind1=' ' ind2='1' tag='264'><subfield code='6'>880-02</subfield><subfield code='a'>Sŏul :</subfield><subfield code='b'>K&apos;ŏmyunik&apos;eisyŏn Puksŭ,</subfield><subfield code='c'>2017.</subfield></datafield><datafield ind1=' ' ind2='1' tag='880'><subfield code='6'>264-02</subfield><subfield code='a'>서울 :</subfield><subfield code='b'>커뮤니케이션 북스,</subfield><subfield code='c'>2017.</subfield></datafield><datafield ind1=' ' ind2=' ' tag='300'><subfield code='a'>1 USB drive (100 audio files (104 hours 19 minutes)) :</subfield><subfield code='b'>sound ;</subfield><subfield code='c'>5 cm</subfield></datafield><datafield ind1=' ' ind2=' ' tag='336'><subfield code='a'>spoken word</subfield><subfield code='b'>spw</subfield><subfield code='2'>rdacontent</subfield></datafield><datafield ind1=' ' ind2=' ' tag='337'><subfield code='a'>computer</subfield><subfield code='b'>c</subfield><subfield code='2'>rdamedia</subfield></datafield><datafield ind1=' ' ind2=' ' tag='338'><subfield code='a'>computer chip cartridge</subfield><subfield code='b'>cb</subfield><subfield code='2'>rdacarrier</subfield></datafield><datafield ind1=' ' ind2=' ' tag='344'><subfield code='a'>digital</subfield><subfield code='2'>rdatr</subfield></datafield><datafield ind1=' ' ind2=' ' tag='347'><subfield code='a'>audio file</subfield><subfield code='2'>rdaft</subfield></datafield><datafield ind1=' ' ind2=' ' tag='500'><subfield code='a'>Audiobooks in USB flash drive containing mp3 files.</subfield></datafield><datafield ind1='0' ind2=' ' tag='505'><subfield code='6'>880-03</subfield><subfield code='a'>[1]. Yun Sŏk-hwa ka ingnŭn Na Hye-sŏk ŭi Kyŏnghŭi, 1918, 83-pun --  [2]. Chŏng Tong-hwan i ingnŭn Kim Tong-in ŭi Paettaragi, 1921-yŏn, 39-pun -- [3]. Yi Wŏn-sŭng i ingnŭn Hyŏn Chin-gŏn ŭi Unsu choŭn nal, 1924-yŏn, 39-pun -- [4]. Chŏng Po-sŏk i ingnŭn Im No-wŏl ŭi Angma ŭi sarang, 1924-yŏn, 55-pun -- [5]. Yang Hŭi-gyŏng i ingnŭn Yŏm Sang-sŏp ŭi Chŏnhwa, 1925-yŏn, 53-pun -- [6]. Sŏng Chir-u ka ingnŭn Na To-hyang ŭi Pŏngŏri Samnyong i, 1925-yŏn, 37-pun -- [7]. Myŏng Kye-nam i ingnŭn Pak Yŏng-hŭi ŭi Sanyanggae, 1925-yŏn, 26-pun -- [8]. Kwŏn Hae-hyo ka ingnŭn Pang In-gŭn ŭi Chadongch&apos;a unjŏnsu, 1925-yŏn, 39-pun -- [9]. Chŏng Chin-yŏng i ingnŭn Kim Ki-jin ŭi Chŏlmŭn isangjuŭija ŭi sa, 1925-yŏn, 86-pun -- [10]. Sim Yang-hong i ingnŭn Chŏn Yŏng-t&apos;aek ŭi Hwasubun, 1925-yŏn, 24-pun -- [11]. Ŏm Hyo-sŏp i ingnŭn Yi Ik-sang ŭi Hŭk ŭi serye, 1925-yŏn, 40-pun -- [12]. Kang Sin-il i ingnŭn Ch&apos;oe Sŏ-hae ŭi T&apos;alch&apos;ulgi, 1925-yŏn, 28-pun -- [13]. Pak Chŏng-ja ka ingnŭn Kim Myŏng-sun ŭi Na nŭn saranghanda, 1926-yŏn, 36-pun -- [14]. Yi Chu-wŏn i ingnŭn Cho Myŏng-hŭi ŭi Naktonggang, 1927-yŏn, 45-pun -- [15]. Song Il-guk i ingnŭn Song Yŏng ŭi Sŏkkong chohap taep&apos;yo, 1927-yŏn, 47-pun -- [16]. Kim Myŏng-guk i ingnŭn Ŏm Hŭng-sŏp ŭi Hŭllŏgan maŭl, 1930-yŏn, 29-pun -- [17]. Son Suk i ingnŭn Paek Sin-ae ŭi Kkŏraei, 1933-yŏn, 46-pun -- [18]. Kim Myŏng-gi ka ingnŭn Yi T&apos;ae-jun ŭi Talpam, 1933-yŏn, 26-pun -- [19]. Wŏn Kŭn-hŭi ka ingnŭn Yi Ki-yŏng ŭi Sŏhwa, 1933-yŏn, 147-pun -- [20]. An Sŏk-hwan i ingnŭn Ch&apos;ae Man-sik ŭi Redi meidŭ insaeng, 1934-yŏn, 74-pun -- [21]. Mun Sŏng-gŭn i ingnŭn Pak T&apos;ae-wŏn ŭi Sosŏlga Ku Po Ssi ŭi iril, 1934-yŏn, 153-pun -- [22]. Nam Myŏng-nyŏl i ingnŭn Ch&apos;oe In-jun ŭi Amnyu, 1934-yŏn, 92-pun -- [23]. Kang Pu-ja ka ingnŭn Kye Yong-muk ŭi Paekch&apos;i Adada, 1935-yŏn, 38-pun -- [24]. Yi Chi-hye ka ingnŭn Chu Yo-sŏp ŭi Sarang sonnim kwa ŏmŏni, 1935-yŏn, 66-pun -- [25]. Kim Yŏng-min i ingnŭn Hyŏn Kyŏng-jun ŭi T&apos;angnyu, 1935-yŏn, 38-pun -- [26]. Yi Hŭi-jun i ingnŭn Kim Yu-jŏng ŭi Tongbaekkkot, 1936-yŏn, 18-pun -- [27]. Maeng Pong-hak i ingnŭn Pak Hwa-sŏng ŭi Kohyang ŏmnŭn saramdŭl, 1936-yŏn, 44-pun -- [28]. Song Sŭng-hwan i ingnŭn Yi Sang ŭi Nalgae, 1936-yŏn, 69-pun -- [29]. Kim Myŏng-gon i ingnŭn Yi Hyo-sŏk ŭi Momilkkot p&apos;il muryŏp, 1936-yŏn, 27-pun -- [30]. Paek Chi-wŏn i ingnŭn Kim Tong-ni ŭi Munyŏdo, 1963-yŏn, 68-pun -- [31]. Son Pyŏng-ho ka ingnŭn Kim Chŏng-han ŭi Sahach&apos;on, 1936-yŏn, 86-pun -- [32]. O Chi-hye ka ingnŭn Kang Kyŏng-ae ŭi Chihach&apos;on, 1936-yŏn, 92-pun -- [33]. Kim Ŭn-sŏk i ingnŭn Hŏ Chun ŭi T&apos;angnyu, 1936-yŏn, 67-pun -- [34]. Yi Ho-jae ka ingnŭn Yi Pung-myŏng ŭi Tapssari, 1937-yŏn, 68-pun -- [35]. An Chae-uk i ingnŭn Yu Hang-nim ŭi Magwŏn, 1937-yŏn, 61-pun -- [36]. Ye Chi-wŏn i ingnŭn Chŏng Pi-sŏk ŭi Sŏnghwangdang, 1937-yŏn, 73-pun -- [37]. Chŏng Su-yŏng i ingnŭn Ch&apos;oe Chŏng-hŭi ŭi Hyungga, 1937-yŏn, 31-pun -- [38]. Hŏ Yun-jŏng i ingnŭn Hyŏn Tŏk ŭi Namsaengi, 1938-yŏn, 93-pun -- [39]. Pak Ung i ingnŭn Yu Chin-o ŭi Ch&apos;angnang chŏnggi, 1938-yŏn, 55-pun -- [40]. Pak Ok-ch&apos;ul i ingnŭn Han Sŏr-ya ŭi Inyŏng, 1939-yŏn, 80-pun -- [41]. Chi Hyŏn-jun i ingnŭn Yi Kwang-su ŭi Mumyŏng, 1939-yŏn, 117-pun -- [42]. Pak Kŏn-hyŏng i ingnŭn Kim Sa-ryang ŭi Pit sok e, 1939-yŏn, 90-pun -- [43]. Pak Chi-il i ingnŭn Ch&apos;oe Myŏng-ik ŭi Simmun, 1939-yŏn, 111-pun -- [44]. Chŏng Sang-ch&apos;ŏl i ingnŭn Yi Mu-yŏng ŭi Che ilgwa che ilchang, 1939-yŏn, 68-pun -- [45]. Kim Ho-jŏng i ingnŭn Kim Nam-ch&apos;ŏn ŭi Kyŏngyŏng, 1940-yŏn, 107-pun -- [46]. Yang Mi-gyŏng i ingnŭn Pak Chong-hwa ŭi Arang ŭi chŏngjo, 1940-yŏn, 49-pun -- [47]. Chŏng Ŭn-p&apos;yo ka ingnŭn Yi Kŭn-yŏng ŭi Kohyang saramdŭl, 1941-yŏn, 49-pun -- [48]. Pak Hŭi-sun i ingnŭn Chi Ha-ryŏn ŭi Tojŏng, 1946-yŏn, 48-pun -- [49]. Yi Tae-yŏn i ingnŭn An Hoe-nam ŭi Pul, 1946-yŏn, 40-pun -- [50]. Yun Hu-sang i ingnŭn Hwang Sun-wŏn ŭi Mongnŏmi maŭl ŭi kae, 1948-yŏn, 62-pun -- [51]. Yu In-ch&apos;on i ingnŭn An Su-gil ŭi Che-3 in&apos;ganhyŏng, 1953-yŏn, 85-pun -- [52]. Ye Su-jŏng i ingnŭn Son Ch&apos;ang-sŏp ŭi Pi onŭn nal, 1953-yŏn, 48-pun -- [53]. Kim Chi-sŏng i ingnŭn O Yŏng-su ŭi Kaenmaŭl, 1953-yŏn, 42-pun -- [54]. Cho Sŏng-ha ka ingnŭn Chang Yong-hak ŭi Yohan sijip, 1955-yŏn, 96-pun -- [55]. Chŏn Kuk-hwan i ingnŭn Chŏng Han-suk ŭi Chŏnhwangdang inbogi, 1955-yŏn, 34-pun -- [56]. Ki Chu-bong i ingnŭn Ha Kŭn-ch&apos;an ŭi Sunan idae, 1957-yŏn, 34-pun -- [57]. Pae Hae-sŏn i ingnŭn Song Pyŏng-su ŭi Ssyori K&apos;im, 1957-yŏn, 51-pun -- [58]. Sŏ I-suk i ingnŭn Pak Kyŏng-ni ŭi Amhŭk sidae, 1958-yŏn, 78-pun -- [59]. Ch&apos;oe Min-sik i ingnŭn Yi Pŏm-sŏn ŭi Obalt&apos;an, 1956-yŏn, 93-pun -- [60]. Sŏ T&apos;ae-hwa ka ingnŭn Ch&apos;oe In-hun ŭi Kŭrei kurakpu chŏnmalgi, 1959-yŏn, 79-pun -- [61]. Yi Kŏn-myŏng i ingnŭn Yi Ho-ch&apos;ŏl ŭi P&apos;anmunjŏm, 1961-yŏn, 96-pun -- [62]. Pak Yong-su ka ingnŭn Chŏn Kwang-yong ŭi Kkŏppittan Ri, 1962-yŏn, 68-pun -- [63]. Pak Sang-wŏn i ingnŭn Kim Sŭng-ok ŭi Mujin kihaeng, 1964-yŏn, 81-pun -- [64]. Ha Sŏng-gwang i ingnŭn Nam Chŏng-hyŏn ŭi Punji, 1965-yŏn, 75-pun -- [65]. Pak Yun-hŭi ka ingnŭn Yi Ch&apos;ŏng-jun ŭi Pyŏngsin kwa mŏjŏri, 1966-yŏn, 89-pun -- [66]. Ch&apos;oe Chŏng-wŏn i ingnŭn Yi Tong-ha ŭi Indong, 1967-yŏn, 55-pun -- [67]. Kim Chin-t&apos;ae ka ingnŭn Ch&apos;ŏn Sŭng-se ŭi P&apos;odaeryŏng, 1968-yŏn, 55-pun -- [68]. Pak Kir-yung i ingnŭn Sŏ Chŏng-in ŭi Kang, 1968-yŏn, 46-pun -- [69]. Yi Chong-hyŏk i ingnŭn Pak T&apos;ae-sun ŭi Munŏjin kŭkchang, 1968-yŏn, 53-pun -- [70]. Hwang Yŏng-hŭi ka ingnŭn Han Sŭng-wŏn ŭi Moksŏn, 1968-yŏn, 48-pun -- [71]. Yi Chi-ha ka ingnŭn Yi Che-ha ŭi Yuja yakchŏn, 1969-yŏn, 81-pun -- [72]. Ko Su-hŭi ka ingnŭn Yun Hŭng-gil ŭi Hwanghon ŭi chip, 1970-yŏn, 68-pun -- [73]. Kim Ŭi-sŏng i ingnŭn Ch&apos;oe In-ho ŭi T&apos;ain ŭi pang, 1971-yŏn, 39-pun -- [74]. Yang Chun-mo ka ingnŭn Cho Hae-il ŭi Ppul, 1972-yŏn, 44-pun -- [75] Kim Noe-ha ka ingnŭn Han Su-san ŭi Sa-wŏl ŭi kkŭt, 1972-yŏn, 48-pun -- [76]. Nam Ki-ae ka ingnŭn Pak Wan-sŏ ŭi Sesang esŏ cheil mugŏun t&apos;ŭlli, 1972-yŏn, 60-pun -- [77]. Chang Yong-ch&apos;ŏl i ingnŭn Kim Wŏn-il ŭi Ŏdum ŭi hon, 1973-yŏn, 76-pun -- [78]. Son Pong-suk i ingnŭn Cho Sŏn-jak ŭi Yŏngja ŭi chŏnsŏng sidae, 1973-yŏn, 68-pun -- [79]. Kim Sŏng-nyŏ ka ingnŭn Hwang Sŏg-yŏng ŭi Samp&apos;o kanŭn kil, 1973-yŏn, 60-pun -- [80]. Cho Chae-yun i ingnŭn Pak Pŏm-sin ŭi T&apos;okki wa chamsuham, 1973-yŏn, 54-pun -- [81]. Chi Ch&apos;un-sŏng i ingnŭn Kim Chu-yŏng ŭi Toduk kyŏnsŭp, 1975-yŏn, 70-pun -- [82]. Yangson P&apos;ŭrojekt&apos;ŭ ka ingnŭn Cho Se-hŭi ŭi Nanjangi ka ssoa ollin chagŭn kong, 1976-yŏn, 131-pun -- [83]. Ch&apos;oe Chu-bong i ingnŭn Yi Mun-gu ŭi Uri tongne Kim Ssi, 1977-yŏn, 65-pun -- [84]. Mun So-ri ka ingnŭn Song Ki-suk ŭi Monggimi p&apos;unggyŏng, 1978-yŏn, 56-pun -- [85]. Chŏn Mu-song i ingnŭn Mun Sun-t&apos;ae ŭi Ching sori, 1978-yŏn, 56-pun -- [86]. Chŏn Hyŏn-a ka ingnŭn O Chŏng-hŭi ŭi Chunggugin kŏri, 1979-yŏn, 65-pun -- [87]. U Hyŏn-ju ka ingnŭn Kim Ch&apos;ae-wŏn ŭi Ch&apos;orokpit moja, 1976-yŏn, 50-pun -- [88]. Kim Ho-yŏng i ingnŭn Chŏn Sang-guk ŭi Usang ŭi nunmul, 1980-yŏn, 86-pun -- [89]. Sin An-jin i ingnŭn Yi Mun-yŏl ŭi P&apos;illon kwa twaeji, 1980-yŏn, 42-pun -- [90]. Pak Sang-jong i ingnŭn Hyŏn Kir-ŏn ŭi Uridŭl ŭi chobunim, 1982-yŏn, 58-pun -- [91]. Chang Yŏng-nam i ingnŭn Kim Sŏng-dong ŭi Omaksari chip han ch&apos;ae, 1982-yŏn, 37-pun -- [92]. Kim Chi-suk i ingnŭn Sŏ Yŏng-ŭn ŭi Mŏn kŭdae, 1983-yŏn, 65-pun -- [93]. Sin Hyŏn-jong, Chŏn Kuk-hyang i ingnŭn Im Ch&apos;ŏr-u ŭi Sap&apos;yŏngyŏk, 1983-yŏn, 81-pun -- [94]. Yun Chŏng-sŏp i ingnŭn Ch&apos;oe Su-ch&apos;ŏl ŭi Kongjung nugak, 1983-yŏn, 83-pun -- [95]. Yi Ho-sŏng i ingnŭn Yun Hu-myŏng ŭi Nuran ŭi sarang, 1984-yŏn, 106-pun -- [96]. Pak Ho-san i ingnŭn Kim Yŏng-hyŏn ŭi Kip&apos;ŭn kang ŭn mŏlli hŭrŭnda, 1984-yŏn, 50-pun -- [97]. Yun Sang-hwa ka ingnŭn Yun Chŏng-mo ŭi Pamkil, 1985-yŏn, 41-pun -- [98]. Sŏng Pyŏng-suk i ingnŭn Yi Ch&apos;ang-dong ŭi Soji, 1985-yŏn, 69-pun -- [99]. Chŏng Chae-jin i ingnŭn Ch&apos;oe Il-lam ŭi Hŭrŭnŭn puk, 1986-yŏn, 59-pun -- [100]. Kil Hae-yŏn i ingnŭn Yang Kwi-ja ŭi Wŏnmi-dong siin, 1986-yŏn 1921-yŏn, 39-pun 56-pun.</subfield></datafield><datafield ind1='0' ind2=' ' tag='880'><subfield code='6'>505-03</subfield><subfield code='a'>[1]. 윤 석화 가 읽는 나 혜석 의 경희, 1918, 83분 -- [2]. 정 동환 이 읽는 김 동인 의 배따라기, 1921년, 39분 -- [3]. 이 원승 이 읽는 현 진건 의 운수 좋은 날, 1924년, 39분 -- [4].정 보석 이 읽는 임 노월 의 악마 의 사랑, 1924년, 55분 -- [5]. 양 희경 이 읽는 염 상섭 의 전화, 1925년, 53분 -- [6]. 성 지루 가 읽는 나 도향 의 벙어리 삼룡이, 1925년, 37분 -- [7]. 명 계남 이 읽는 박 영희 의 사냥개, 1925년, 26분 -- [8]. 권 해효 가 읽는 방 인근 의 자동차 운전수, 1925년, 39분 -- [9]. 정 진영 이 읽는 김 기진 의 젊은 이상주의자 의 사, 1925년, 86분 -- [10]. 심 양홍 이 읽는 전 영택 의 화수분, 1925년, 24분 -- [11]. 엄 효섭 이 읽는 이 익상 의 흙 의 세례, 1925년, 40분 -- [12]. 강 신일 이 읽는 최 서해 의 탈출기, 1925년, 28분 -- [13]. 박 정자 가 읽는 김 명순 의 나 는 사랑한다, 1926년, 36분 -- [14]. 이 주원 이 읽는 조 명희 의 낙동강, 1927년, 45분 -- [15]. 송 일국 이 읽는 송 영 의 석공 조합 대표, 1927년, 47분 -- [16]. 김 명국 이 읽는 엄 흥섭 의 흘러간 마을, 1930년, 29분 -- [17]. 손 숙 이 읽는 백 신애 의 꺼래이, 1933년, 46분 -- [18]. 김 명기 가 읽는 이 태준 의 달밤, 1933년, 26분 -- [19]. 원 근희 가 읽는 이 기영 의 서화, 1933년, 147분 -- [20]. 안 석환 이 읽는 채 만식 의 레디 메이드 인생, 1934년, 74분 -- [21]. 문 성근 이 읽는 박 태원 의 소설가 구보 씨 의 일일, 1934년, 153분 -- [22]. 남 명렬 이 읽는 최 인준 의 암류, 1934년, 92분 -- [23]. 강 부자 가 읽는 계 용묵 의 백치 아다다, 1935년, 38분 -- [24]. 이 지혜 가 읽는 주 요섭 의 사랑 손님 과 어머니, 1935년, 66분 -- [25]. 김 영민 이 읽는 현 경준 의 탁류, 1935년, 38분 -- [26]. 이 희준 이 읽는 김 유정 의 동백꽃, 1936년, 18분 -- [27]. 맹 봉학 이 읽는 박 화성 의 고향 없는 사람들, 1936년, 44분 -- [28]. 송 승환 이 읽는 이 상 의 날개, 1936년, 69분 -- [29]. 김 명곤 이 읽는 이 효석 의 모밀꽃 필 무렵, 1936년, 27분 -- [30]. 백 지원이 읽는 김 동리 의 무녀도, 1963년, 68분 -- [31]. 손 병호 가 읽는 김 정한 의 사하촌, 1936년, 86분 -- [32]. 오 지혜 가 읽는 강 경애 의 지하촌, 1936년, 92분 -- [33]. 김 은석 이 읽는 허 준 의 탁류, 1936년, 67분 -- [34]. 이 호재 가 읽는 이 북명 의 답싸리, 1937년, 68분 -- [35]. 안 재욱 이 읽는 유 항림 의 마권, 1937년, 61분 -- [36]. 예 지원 이 읽는 정 비석 의 성황당, 1937년, 73분 -- [37]. 정 수영 이 읽는 최 정희 의 흉가, 1937년, 31분 -- [38]. 허 윤정 이 읽는 현 덕 의 남생이, 1938년, 93분 -- [39]. 박 웅 이 읽는 유 진오 의 창랑 정기, 1938년, 55분 -- [40]. 박 옥출 이 읽는 한 설야 의 이녕, 1939년, 80분 -- [41]. 지 현준 이 읽는 이 광수 의 무명, 1939년, 117분 -- [42]. 박 건형 이 읽는 김 사량 의 빛 속 에, 1939년, 90분 -- [43]. 박 지일 이 읽는 최 명익 의 심문, 1939년, 111분 -- [44]. 정 상철 이 읽는 이 무영 의 제 일과 제 일장, 1939년, 68분 -- [45]. 김 호정 이 읽는 김 남천 의 경영, 1940년, 107분 -- [46]. 양 미경 이 읽는 박 종화 의 아랑 의 정조, 1940년, 49분 -- [47]. 정 은표 가 읽는 이 근영 의 고향 사람들, 1941년, 49분 -- [48]. 박 희순 이 읽는 지 하련 의 도정, 1946년, 48분 -- [49]. 이 대연 이 읽는 안 회남 의 불, 1946년, 40분 -- [50]. 윤 주상 이 읽는 황 순원 의 목넘이 마을 의 개, 1948년, 62분 -- [51]. 유 인촌 이 읽는 안 수길 의 제3인간형, 1953년, 85분 -- [52]. 예 수정 이 읽는 손 창섭 의 비 오는 날, 1953년, 48분 -- [53]. 김 지성이 읽는 오 영수의 갯마을, 1953년, 42분 -- [54]. 조 성하 가 읽는 장 용학 의 요한 시집, 1955년, 96분 -- [55]. 전 국환 이 읽는 정 한숙 의 전황당 인보기, 1955년, 34분 -- [56]. 기 주봉 이 읽는 하 근찬 의 수난 이대, 1957년, 34분 -- [57]. 배 해선 이 읽는 송 병수 의 쑈리 킴, 1957년, 51분 -- [58]. 서 이숙 이 읽는 박 경리의 암흑 시대, 1958년, 78분 -- [59]. 최 민식 이 읽는 이 범선 의 오발탄, 1956년, 93분 -- [60]. 서 태화 가 읽는 최 인훈 의 그레이 구락부 전말기, 1959년, 79분 -- [61]. 이 건명 이 읽는 이 호철 의 판문점, 1961년, 96분 -- [62]. 박 용수 가 읽는 전 광용 의 꺼삐딴 리, 1962년, 68분 -- [63]. 박 상원 이 읽는 김 승옥 의 무진 기행, 1964년, 81분 -- [64]. 하 성광 이 읽는 남 정현 의 분지, 1965년, 75분 -- [65]. 박 윤희 가 읽는 이 청준 의 병신 과 머저리, 1966년, 89분 -- [66]. 최 정원 이 읽는 이 동하 의 인동, 1967년, 55분 -- [67]. 김 진태 가 읽는 천 승세 의 포대령, 1968년, 55분 -- [68]. 박 기륭 이 읽는 서 정인 의 강, 1968년, 46분 -- [69]. 이 종혁 이 읽는 박 태순 의 무너진 극장, 1968년, 53분 -- [70] . 황 영희 가 읽는 한 승원 의 목선, 1968년, 48분 -- [71]. 이 지하 가 읽는 이 제하 의 유자 약전, 1969년, 81분 -- [72]. 고 수희 가 읽는 윤 흥길 의 황혼 의 집, 1970년, 68분 -- [73]. 김 의성 이 읽는 최 인호 의 타인 의 방, 1971년, 39분 -- [74]. 양 준모 가 읽는 조 해일 의 뿔, 1972년, 44분 -- [75]. 김 뢰하 가 읽는 한 수산 의 사월 의 끝, 1972년, 48분 -- [76]. 남 기애 가 읽는 박 완서 의 세상 에서 제일 무거운 틀니, 1972년, 60분 -- [77]. 장 용철 이 읽는 김 원일 의 어둠 의 혼, 1973년, 76분 -- [78]. 손 봉숙 이 읽는 조 선작 의 영자 의 전성 시대, 1973년, 68분 -- [79]. 김 성녀 가 읽는 황 석영 의 삼포 가는 길, 1973년, 60분 -- [80]. 조 재윤 이 읽는 박 범신 의 토끼 와 잠수함, 1973년, 54분 -- [81]. 지 춘성 이 읽는 김 주영 의 도둑 견습, 1975년, 70분 -- [82].  양손 프로젝트 가 읽는 조 세희 의 난장이 가 쏘아 올린 작은 공, 1976년, 131분 -- [83]. 최 주봉 이 읽는 이 문구 의 우리 동네 김 씨, 1977년, 65분 -- [84]. 문 소리 가 읽는 송 기숙 의 몽기미 풍경, 1978년, 56분 -- [85]. 전 무송 이 읽는 문 순태 의 징 소리, 1978년, 56분 -- [86]. 전 현아 가 읽는 오 정희 의 중국인 거리, 1979년, 65분 -- [87]. 우 현주 가 읽는 김 채원 의 초록빛 모자, 1976년, 50분 -- [88]. 김 호영 이 읽는 전 상국 의 우상 의 눈물, 1980년, 86분 -- [89]. 신 안진 이 읽는 이 문열 의 필론 과 돼지, 1980년, 42분 -- [90]. 박 상종 이 읽는 현 길언 의 우리들 의 조부님, 1982년, 58분 -- [91]. 장 영남 이 읽는 김 성동 의 오막살이 집 한 채, 1982년, 37분 -- [92]. 김 지숙 이 읽는 서 영은 의 먼 그대, 1983년, 65분 -- [93]. 신 현종, 전 국향 이 읽는 임 철우의 사평역, 1983년, 81분 -- [94]. 윤 정섭 이 읽는 최 수철 의 공중 누각, 1983년, 83분 -- [95]. 이 호성 이 읽는 윤 후명 의 누란 의 사랑, 1984년, 106분 -- [96]. 박 호산 이 읽는 김 영현 의 깊은 강 은 멀리 흐른다, 1984년, 50분 -- [97]. 윤 상화 가 읽는 윤 정모 의 밤길, 1985년, 41분 -- [98]. 성 병숙 이 읽는 이 창동 의 소지, 1985년, 69분 -- [99]. 정 재진 이 읽는 최 일남 의 흐르는 북, 1986년, 59분 -- [100]. 길 해연 이 읽는 양 귀자 의 원미동 시인, 1986년, 56분.</subfield></datafield><datafield ind1=' ' ind2=' ' tag='538'><subfield code='a'>System requirement: computer with USB port; MP3 or media player.</subfield></datafield><datafield ind1=' ' ind2='7' tag='655'><subfield code='a'>Fiction.</subfield><subfield code='2'>lcgft</subfield></datafield><datafield ind1=' ' ind2='7' tag='655'><subfield code='a'>Audiobooks.</subfield><subfield code='2'>lcgft</subfield></datafield><datafield ind1=' ' ind2='7' tag='655'><subfield code='a'>Romans.</subfield><subfield code='2'>rvmgf</subfield></datafield><datafield ind1=' ' ind2='7' tag='655'><subfield code='a'>Livres audio.</subfield><subfield code='2'>rvmgf</subfield></datafield><datafield ind1='1' ind2=' ' tag='700'><subfield code='6'>880-04</subfield><subfield code='a'>Na, Hye-sŏk,</subfield><subfield code='e'>author.</subfield></datafield><datafield ind1='1' ind2=' ' tag='880'><subfield code='6'>700-04</subfield><subfield code='a'>나 혜석,</subfield><subfield code='e'>author.</subfield></datafield><datafield ind1='1' ind2=' ' tag='700'><subfield code='6'>880-05</subfield><subfield code='a'>Yun, Sŏk-hwa,</subfield><subfield code='d'>1956-</subfield><subfield code='e'>speaker.</subfield></datafield><datafield ind1='1' ind2=' ' tag='880'><subfield code='6'>700-05</subfield><subfield code='a'>윤 석화,</subfield><subfield code='d'>1956-</subfield><subfield code='e'>speaker.</subfield></datafield><datafield ind1=' ' ind2=' ' tag='902'><subfield code='a'>960948471</subfield><subfield code='w'>original</subfield><subfield code='1'>20220624152710.0</subfield></datafield><datafield ind1=' ' ind2=' ' tag='AVA'><subfield code='0'>99125483042606421</subfield><subfield code='8'>22940884900006421</subfield><subfield code='a'>01PRI_INST</subfield><subfield code='b'>eastasian</subfield><subfield code='c'>cjk: East Asian Library</subfield><subfield code='e'>check_holdings</subfield><subfield code='j'>cjk</subfield><subfield code='k'>0</subfield><subfield code='p'>1</subfield><subfield code='q'>East Asian Library</subfield></datafield><datafield ind1=' ' ind2=' ' tag='AVE'><subfield code='8'>53926607650006421</subfield><subfield code='e'>Available</subfield><subfield code='l'>techserv</subfield><subfield code='a'>01PRI_INST</subfield><subfield code='0'>99125483042606421</subfield></datafield></record>