
<record><leader>02427cam a2200445 a 4500</leader><controlfield tag='001'>9959833723506421</controlfield><controlfield tag='005'>20250807042230.0</controlfield><controlfield tag='008'>960306s1945    mauao    c    001 0 eng d</controlfield><datafield ind1=' ' ind2=' ' tag='035'><subfield code='a'>(idCotsen)94152</subfield></datafield><datafield ind1=' ' ind2=' ' tag='035'><subfield code='a'>(CTSN)1000256</subfield></datafield><datafield ind1=' ' ind2=' ' tag='035'><subfield code='a'>(cotsendb)78666</subfield></datafield><datafield ind1=' ' ind2=' ' tag='035'><subfield code='a'>(NjP)5983372-princetondb</subfield></datafield><datafield ind1=' ' ind2=' ' tag='035'><subfield code='z'>(NjP)Voyager5983372</subfield></datafield><datafield ind1=' ' ind2=' ' tag='035'><subfield code='a'>(OCoLC)ocn191234230</subfield></datafield><datafield ind1=' ' ind2=' ' tag='040'><subfield code='a'>MWA</subfield><subfield code='b'>eng</subfield><subfield code='e'>dcrb</subfield><subfield code='c'>AQM</subfield><subfield code='d'>NjP</subfield></datafield><datafield ind1='0' ind2='0' tag='245'><subfield code='a'>1946 catalog of children&apos;s books.</subfield></datafield><datafield ind1='3' ind2='0' tag='246'><subfield code='a'>Catalog of children&apos;s books</subfield></datafield><datafield ind1=' ' ind2=' ' tag='260'><subfield code='a'>Springfield, Mass. :</subfield><subfield code='b'>McLoughlin Bros., Inc.,</subfield><subfield code='c'>[1945?]</subfield></datafield><datafield ind1=' ' ind2=' ' tag='300'><subfield code='a'>31, [1] p. :</subfield><subfield code='b'>ill. ;</subfield><subfield code='c'>24 cm.</subfield></datafield><datafield ind1=' ' ind2=' ' tag='500'><subfield code='a'>&quot;Catalog shows consumer prices. For trade discounts consult price list accompanying this catalog.&quot;--p. [2].</subfield></datafield><datafield ind1=' ' ind2=' ' tag='500'><subfield code='a'>&apos;New York salesroom, 200 Fifth Avenue&quot;--T.p.</subfield></datafield><datafield ind1=' ' ind2=' ' tag='500'><subfield code='a'>&quot;McLoughin Bros., Inc, 45 Warwick Street, P.O. Box 702, Springfield 1, Massachusetts&quot;--At foot of t.p. verso.</subfield></datafield><datafield ind1=' ' ind2=' ' tag='500'><subfield code='a'>Includes index on p. 31</subfield></datafield><datafield ind1=' ' ind2=' ' tag='500'><subfield code='a'>Illustrations: Photo-mechanical reproductions of book covers with McLoughlin item nos.</subfield></datafield><datafield ind1=' ' ind2=' ' tag='500'><subfield code='3'>Cotsen copy:</subfield><subfield code='a'>McLoughlin Archives mock-up version of their 1946 catalog (GTB 9-45), using text and ills. literally pasted down onto a copy of their 1945 catalog (TC9 -44).</subfield><subfield code='5'>NjP</subfield></datafield><datafield ind1=' ' ind2=' ' tag='500'><subfield code='3'>Cotsen copy:</subfield><subfield code='a'>A number of the mock-up paste-downs are loose or detached, revealing original copy from the 1945 catalog.</subfield><subfield code='5'>NjP</subfield></datafield><datafield ind1='0' ind2=' ' tag='505'><subfield code='a'>Jolly jump-ups series -- Magic fairy tales series-- Westfield classics -- Cathedral classics -- Color classic gift box sets -- Little color classics.</subfield></datafield><datafield ind1=' ' ind2=' ' tag='563'><subfield code='a'>Pub. stiff tan wrappers, pictorial upper with black san-serif lettering; National Defense &quot;war effort&quot; notice on lower pastedown (from 1945 ed., printed in 1944).</subfield></datafield><datafield ind1=' ' ind2=' ' tag='530'><subfield code='a'>Also available in an electronic version.</subfield></datafield><datafield ind1='2' ind2='0' tag='610'><subfield code='a'>McLoughlin Bros., inc.</subfield></datafield><datafield ind1=' ' ind2='0' tag='650'><subfield code='a'>Children&apos;s books</subfield><subfield code='v'>Catalogs.</subfield></datafield><datafield ind1=' ' ind2='7' tag='655'><subfield code='a'>Catalogs.</subfield><subfield code='2'>lcgft</subfield><subfield code='0'>http://id.loc.gov/authorities/genreForms/gf2014026057</subfield></datafield><datafield ind1=' ' ind2='7' tag='655'><subfield code='a'>Publishers&apos; catalogs</subfield><subfield code='2'>rbmscv</subfield></datafield><datafield ind1=' ' ind2='7' tag='655'><subfield code='a'>Publishers&apos; copies.</subfield><subfield code='5'>NjP</subfield><subfield code='2'>rbmscv</subfield></datafield><datafield ind1='2' ind2=' ' tag='710'><subfield code='a'>McLoughlin Bros.,</subfield><subfield code='e'>former owner.</subfield><subfield code='0'>http://id.loc.gov/authorities/names/n80132763</subfield></datafield><datafield ind1='0' ind2=' ' tag='740'><subfield code='a'>Catalog 1945</subfield></datafield><datafield ind1='0' ind2=' ' tag='740'><subfield code='a'>Children&apos;s books catalog 1946.</subfield></datafield><datafield ind1=' ' ind2=' ' tag='752'><subfield code='a'>United States</subfield><subfield code='b'>New York</subfield><subfield code='d'>New York.</subfield></datafield><datafield ind1='4' ind2='1' tag='856'><subfield code='u'>http://arks.princeton.edu/ark:/88435/7w62fc09r</subfield></datafield><datafield ind1=' ' ind2=' ' tag='914'><subfield code='a'>(OCoLC)ocn191234230</subfield><subfield code='b'>OCoLC</subfield><subfield code='c'>field transfer</subfield><subfield code='d'>20250806</subfield><subfield code='e'>processed</subfield><subfield code='f'>191234230</subfield></datafield><datafield ind1=' ' ind2=' ' tag='AVA'><subfield code='0'>9959833723506421</subfield><subfield code='8'>22694286430006421</subfield><subfield code='a'>01PRI_INST</subfield><subfield code='b'>rare</subfield><subfield code='c'>Cotsen Children&apos;s Library</subfield><subfield code='d'>Pams / Eng 20 / Box 89 94152</subfield><subfield code='e'>available</subfield><subfield code='f'>1</subfield><subfield code='g'>0</subfield><subfield code='j'>ctsn</subfield><subfield code='k'>8</subfield><subfield code='p'>1</subfield><subfield code='q'>Special Collections</subfield></datafield><datafield ind1=' ' ind2=' ' tag='AVE'><subfield code='8'>53879151550006421</subfield><subfield code='e'>Available</subfield><subfield code='l'>online</subfield><subfield code='a'>01PRI_INST</subfield><subfield code='0'>9959833723506421</subfield></datafield></record>