
<record><leader>00312nam a2200109 u 4500</leader><controlfield tag='001'>99131392296806421</controlfield><controlfield tag='005'>20250224165358.0</controlfield><controlfield tag='008'>250224s2024uuuuxx      o     000 0 eng d</controlfield><datafield ind1=' ' ind2=' ' tag='020'><subfield code='a'>9798350376715</subfield></datafield><datafield ind1=' ' ind2=' ' tag='035'><subfield code='a'>(CKB)37664398700041</subfield></datafield><datafield ind1=' ' ind2=' ' tag='035'><subfield code='a'>(EXLCZ)9937664398700041</subfield></datafield><datafield ind1='0' ind2='0' tag='245'><subfield code='a'>2024 IEEE Middle East Conference on Communications and Networking (MECOM)</subfield></datafield><datafield ind1=' ' ind2=' ' tag='260'><subfield code='b'>IEEE</subfield><subfield code='c'>2024</subfield></datafield><datafield ind1='0' ind2='8' tag='776'><subfield code='z'>9798350376722</subfield></datafield><datafield ind1=' ' ind2=' ' tag='906'><subfield code='a'>BOOK</subfield></datafield><datafield ind1=' ' ind2=' ' tag='AVE'><subfield code='8'>531044666260006421</subfield><subfield code='c'>61753484800006421</subfield><subfield code='e'>Available</subfield><subfield code='m'>IEEE Electronic Library (IEL)</subfield><subfield code='t'>IEEE Xplore</subfield><subfield code='a'>01PRI_INST</subfield><subfield code='0'>99131392296806421</subfield></datafield></record>