
<record><leader>01215cac a22003015  4500</leader><controlfield tag='001'>9990348793506421</controlfield><controlfield tag='005'>20250807043357.0</controlfield><controlfield tag='008'>150415b19291931fr a   j      000 0 fre^^</controlfield><datafield ind1=' ' ind2=' ' tag='035'><subfield code='a'>(NjP)9034879-princetondb</subfield></datafield><datafield ind1=' ' ind2=' ' tag='035'><subfield code='z'>(NjP)Voyager9034879</subfield></datafield><datafield ind1=' ' ind2=' ' tag='035'><subfield code='a'>(OCoLC)on1347204428</subfield></datafield><datafield ind1=' ' ind2=' ' tag='040'><subfield code='a'>NjP</subfield><subfield code='b'>eng</subfield><subfield code='e'>rda</subfield><subfield code='c'>NjP</subfield></datafield><datafield ind1='1' ind2='3' tag='240'><subfield code='a'>La Bluette</subfield></datafield><datafield ind1='0' ind2='0' tag='245'><subfield code='a'>[3 catalogs of children&apos;s fashion from La Bluette]</subfield></datafield><datafield ind1=' ' ind2='1' tag='264'><subfield code='a'>Paris:</subfield><subfield code='b'>La Semaine de Suzette,</subfield><subfield code='c'>1929-1931.</subfield></datafield><datafield ind1=' ' ind2=' ' tag='300'><subfield code='a'>3 volumes :</subfield><subfield code='b'>color illustrations ;</subfield><subfield code='c'>19 x 26 cm.</subfield></datafield><datafield ind1=' ' ind2=' ' tag='336'><subfield code='a'>text</subfield><subfield code='b'>txt</subfield><subfield code='2'>rdacontent</subfield></datafield><datafield ind1=' ' ind2=' ' tag='337'><subfield code='a'>unmediated</subfield><subfield code='b'>n</subfield><subfield code='2'>rdamedia</subfield></datafield><datafield ind1=' ' ind2=' ' tag='338'><subfield code='a'>volume</subfield><subfield code='b'>nc</subfield><subfield code='2'>rdacarrier</subfield></datafield><datafield ind1=' ' ind2=' ' tag='563'><subfield code='a'>Publisher&apos;s color printed pictorial self wraps.</subfield></datafield><datafield ind1=' ' ind2='0' tag='650'><subfield code='a'>Fashion</subfield><subfield code='z'>France</subfield><subfield code='y'>20th century</subfield><subfield code='v'>catalogs.</subfield></datafield><datafield ind1=' ' ind2='0' tag='650'><subfield code='a'>Fashion</subfield><subfield code='z'>France</subfield><subfield code='y'>20th century</subfield><subfield code='v'>Pictorial works.</subfield></datafield><datafield ind1=' ' ind2='0' tag='650'><subfield code='a'>Children&apos;s clothing</subfield><subfield code='x'>Advertising</subfield><subfield code='z'>France</subfield><subfield code='y'>20th century.</subfield></datafield><datafield ind1=' ' ind2='0' tag='650'><subfield code='a'>Fashion drawing.</subfield><subfield code='0'>http://id.loc.gov/authorities/subjects/sh85047380</subfield></datafield><datafield ind1=' ' ind2='7' tag='655'><subfield code='a'>Catalogs.</subfield><subfield code='2'>lcgft</subfield><subfield code='0'>http://id.loc.gov/authorities/genreForms/gf2014026057</subfield></datafield><datafield ind1='1' ind2=' ' tag='700'><subfield code='a'>Selcedo, Maggie</subfield><subfield code='e'>illustrator</subfield></datafield><datafield ind1=' ' ind2=' ' tag='904'><subfield code='a'>llb</subfield><subfield code='b'>o</subfield><subfield code='h'>n</subfield><subfield code='c'>t</subfield><subfield code='e'>20150424</subfield></datafield><datafield ind1=' ' ind2=' ' tag='914'><subfield code='a'>(OCoLC)on1347204428</subfield><subfield code='b'>OCoLC</subfield><subfield code='c'>match</subfield><subfield code='d'>20250806</subfield><subfield code='e'>processed</subfield><subfield code='f'>1347204428</subfield></datafield><datafield ind1=' ' ind2=' ' tag='AVA'><subfield code='0'>9990348793506421</subfield><subfield code='8'>22743309630006421</subfield><subfield code='a'>01PRI_INST</subfield><subfield code='b'>rare</subfield><subfield code='c'>Cotsen Children&apos;s Library</subfield><subfield code='d'>Euro 20 unprocessed 7127916</subfield><subfield code='e'>available</subfield><subfield code='f'>1</subfield><subfield code='g'>0</subfield><subfield code='j'>ctsn</subfield><subfield code='k'>8</subfield><subfield code='p'>1</subfield><subfield code='q'>Special Collections</subfield></datafield></record>