
<record><leader>01200nam a2200337 i 4500</leader><controlfield tag='001'>99131427835806421</controlfield><controlfield tag='005'>20210825082330.0</controlfield><controlfield tag='006'>m        d</controlfield><controlfield tag='007'>cr |n#---uuuuu</controlfield><controlfield tag='008'>180921r2018    enka    o     000 0 eng d</controlfield><datafield ind1=' ' ind2=' ' tag='016'><subfield code='a'>846249006</subfield></datafield><datafield ind1=' ' ind2=' ' tag='035'><subfield code='a'>(CaOOCRKN)18213</subfield></datafield><datafield ind1=' ' ind2=' ' tag='035'><subfield code='a'>(CKB)4920000000151718</subfield></datafield><datafield ind1=' ' ind2=' ' tag='035'><subfield code='a'>(EXLCZ)994920000000151718</subfield></datafield><datafield ind1=' ' ind2=' ' tag='040'><subfield code='a'>CaOOCIHM</subfield><subfield code='b'>eng</subfield><subfield code='e'>rda</subfield><subfield code='c'>CaOOCIHM</subfield></datafield><datafield ind1='0' ind2=' ' tag='082'><subfield code='a'>598</subfield><subfield code='2'>19</subfield></datafield><datafield ind1='1' ind2=' ' tag='100'><subfield code='a'>Latham, John,</subfield><subfield code='d'>1740-1837,</subfield><subfield code='e'>author</subfield></datafield><datafield ind1='1' ind2='0' tag='245'><subfield code='a'>A general history of birds /</subfield><subfield code='c'>by John Latham.</subfield></datafield><datafield ind1=' ' ind2='1' tag='264'><subfield code='a'>Winchester [England] :</subfield><subfield code='b'>Printed by Jacob and Johnson, for the author,</subfield><subfield code='c'>1824.</subfield></datafield><datafield ind1=' ' ind2=' ' tag='336'><subfield code='a'>text</subfield><subfield code='b'>txt</subfield><subfield code='2'>rdacontent</subfield></datafield><datafield ind1=' ' ind2=' ' tag='337'><subfield code='a'>computer</subfield><subfield code='b'>c</subfield><subfield code='2'>rdamedia</subfield></datafield><datafield ind1=' ' ind2=' ' tag='338'><subfield code='a'>online resource</subfield><subfield code='b'>cr</subfield><subfield code='2'>rdacarrier</subfield></datafield><datafield ind1=' ' ind2=' ' tag='347'><subfield code='a'>data file</subfield><subfield code='2'>rda</subfield></datafield><datafield ind1='0' ind2=' ' tag='490'><subfield code='a'>CIHM/ICMH Digital series = CIHM/ICMH collection numérisée</subfield><subfield code='v'>18213</subfield></datafield><datafield ind1=' ' ind2=' ' tag='534'><subfield code='e'>456 pages : illustrations ; 29 x 23 cm.</subfield></datafield><datafield ind1=' ' ind2=' ' tag='500'><subfield code='a'>&quot;Vol. X.&quot;</subfield></datafield><datafield ind1=' ' ind2=' ' tag='500'><subfield code='a'>Part of a CIHM set. For individual microfiches in this set see CIHM microfiche nos. 18203-18213.</subfield></datafield><datafield ind1=' ' ind2='0' tag='650'><subfield code='a'>Birds.</subfield></datafield><datafield ind1=' ' ind2='6' tag='650'><subfield code='a'>Oiseaux.</subfield></datafield><datafield ind1=' ' ind2=' ' tag='776'><subfield code='z'>0-665-18213-9</subfield></datafield><datafield ind1=' ' ind2=' ' tag='906'><subfield code='a'>BOOK</subfield></datafield><datafield ind1=' ' ind2=' ' tag='AVE'><subfield code='8'>531049620230006421</subfield><subfield code='c'>611049126980006421</subfield><subfield code='e'>Available</subfield><subfield code='m'>Canadiana Online - Monographs</subfield><subfield code='t'>Canadian Research Knowledge Network</subfield><subfield code='a'>01PRI_INST</subfield><subfield code='0'>99131427835806421</subfield></datafield></record>