
<record><leader>02185cam a2200493   4500</leader><controlfield tag='001'>9912744763506421</controlfield><controlfield tag='005'>20260616213151.0</controlfield><controlfield tag='008'>841011s1936    fr cf         000 0 fre^^</controlfield><datafield ind1=' ' ind2=' ' tag='010'><subfield code='a'>36019569</subfield></datafield><datafield ind1='7' ind2=' ' tag='016'><subfield code='a'>003179042</subfield><subfield code='2'>Uk</subfield></datafield><datafield ind1=' ' ind2=' ' tag='019'><subfield code='a'>23425096</subfield><subfield code='a'>1061623101</subfield></datafield><datafield ind1='1' ind2=' ' tag='029'><subfield code='a'>AU@</subfield><subfield code='b'>000028206638</subfield></datafield><datafield ind1='1' ind2=' ' tag='029'><subfield code='a'>DEBBG</subfield><subfield code='b'>BV005037734</subfield></datafield><datafield ind1='1' ind2=' ' tag='029'><subfield code='a'>DEBBG</subfield><subfield code='b'>BV006970132</subfield></datafield><datafield ind1='1' ind2=' ' tag='029'><subfield code='a'>NLGGC</subfield><subfield code='b'>150463979</subfield></datafield><datafield ind1='1' ind2=' ' tag='029'><subfield code='a'>UKMGB</subfield><subfield code='b'>003179042</subfield></datafield><datafield ind1=' ' ind2=' ' tag='035'><subfield code='9'>CDR7006TS</subfield></datafield><datafield ind1=' ' ind2=' ' tag='035'><subfield code='a'>(NjP)1274476-princetondb</subfield></datafield><datafield ind1=' ' ind2=' ' tag='035'><subfield code='z'>(OCoLC)23425096</subfield></datafield><datafield ind1=' ' ind2=' ' tag='035'><subfield code='z'>(NjP)Voyager1274476</subfield></datafield><datafield ind1=' ' ind2=' ' tag='035'><subfield code='a'>(OCoLC)11253309</subfield></datafield><datafield ind1=' ' ind2=' ' tag='040'><subfield code='a'>DLC</subfield><subfield code='b'>eng</subfield><subfield code='c'>SUC</subfield><subfield code='d'>SUC</subfield><subfield code='d'>PUL</subfield></datafield><datafield ind1='0' ind2=' ' tag='050'><subfield code='a'>DR571</subfield><subfield code='b'>.R6</subfield></datafield><datafield ind1=' ' ind2=' ' tag='082'><subfield code='a'>923.1496</subfield></datafield><datafield ind1='1' ind2=' ' tag='100'><subfield code='a'>Roy, Gilles.</subfield><subfield code='0'>http://id.loc.gov/authorities/names/n89631279</subfield></datafield><datafield ind1='0' ind2='0' tag='245'><subfield code='a'>Abdul-Hamid,</subfield><subfield code='b'>le sultan rouge;</subfield><subfield code='c'>préface du colonel Lamouche ... Avec neuf gravures hors texte.</subfield></datafield><datafield ind1=' ' ind2=' ' tag='260'><subfield code='a'>Paris,</subfield><subfield code='b'>Payot,</subfield><subfield code='c'>1936.</subfield></datafield><datafield ind1=' ' ind2=' ' tag='300'><subfield code='a'>242 p.</subfield><subfield code='b'>plates, ports.</subfield><subfield code='c'>23 cm.</subfield></datafield><datafield ind1='0' ind2=' ' tag='490'><subfield code='a'>Bibliothéque historique</subfield></datafield><datafield ind1=' ' ind2=' ' tag='504'><subfield code='a'>&quot;Bibliographie&quot;: p. [240]-242.</subfield></datafield><datafield ind1='0' ind2='0' tag='600'><subfield code='a'>Abdülhamid</subfield><subfield code='b'>II,</subfield><subfield code='c'>Sultan of the Turks,</subfield><subfield code='d'>1842-1918.</subfield><subfield code='0'>http://id.loc.gov/authorities/names/n50035365</subfield></datafield><datafield ind1='0' ind2='7' tag='600'><subfield code='a'>Abdülhamid</subfield><subfield code='b'>II,</subfield><subfield code='c'>Sultan of the Turks,</subfield><subfield code='d'>1842-1918</subfield><subfield code='2'>fast</subfield><subfield code='0'>(OCoLC)fst00012016</subfield><subfield code='1'>https://id.oclc.org/worldcat/entity/E39PBJk4xY3yfcYX3bhhhvxxDq</subfield></datafield><datafield ind1='0' ind2='7' tag='600'><subfield code='a'>Abdülhamid</subfield><subfield code='b'>II,</subfield><subfield code='c'>Sultan of the Turks,</subfield><subfield code='d'>1842-1918.</subfield><subfield code='2'>nli</subfield></datafield><datafield ind1=' ' ind2='7' tag='648'><subfield code='a'>1878-1909</subfield><subfield code='2'>fast</subfield></datafield><datafield ind1=' ' ind2='7' tag='650'><subfield code='a'>Politics and government</subfield><subfield code='2'>fast</subfield><subfield code='0'>(OCoLC)fst01919741</subfield></datafield><datafield ind1=' ' ind2='7' tag='650'><subfield code='a'>Biographies, memoirs and correspondance.</subfield><subfield code='2'>pplt</subfield></datafield><datafield ind1=' ' ind2='0' tag='651'><subfield code='a'>Turkey</subfield><subfield code='x'>Politics and government</subfield><subfield code='y'>1878-1909.</subfield><subfield code='0'>http://id.loc.gov/authorities/subjects/sh85138845</subfield></datafield><datafield ind1=' ' ind2='6' tag='651'><subfield code='a'>Empire ottoman</subfield><subfield code='x'>Politique et gouvernement</subfield><subfield code='y'>1878-1909.</subfield></datafield><datafield ind1=' ' ind2='7' tag='651'><subfield code='a'>Turkey.</subfield><subfield code='2'>fast</subfield><subfield code='0'>(OCoLC)fst01208963</subfield><subfield code='1'>https://id.oclc.org/worldcat/entity/E39PBJxmHG9jJjCTM3y4pFRqcP</subfield></datafield><datafield ind1=' ' ind2='7' tag='651'><subfield code='a'>Turkey</subfield><subfield code='x'>Politics and government</subfield><subfield code='y'>1878-1909.</subfield><subfield code='2'>nli</subfield></datafield><datafield ind1=' ' ind2=' ' tag='911'><subfield code='a'>20000130</subfield></datafield><datafield ind1=' ' ind2=' ' tag='914'><subfield code='a'>(OCoLC)ocm11253309</subfield><subfield code='b'>OCoLC</subfield><subfield code='c'>match</subfield><subfield code='d'>20240710</subfield><subfield code='e'>processed</subfield><subfield code='f'>11253309</subfield></datafield><datafield ind1=' ' ind2=' ' tag='916'><subfield code='a'>2026-03-12</subfield><subfield code='b'>(OCoLC)11253309</subfield><subfield code='c'>New collection customer.1791.allpul</subfield><subfield code='d'>9912744763506421</subfield><subfield code='e'>WorldShare Record Update</subfield><subfield code='f'>processed</subfield></datafield><datafield ind1=' ' ind2=' ' tag='947'><subfield code='a'>CDR7006</subfield></datafield><datafield ind1=' ' ind2=' ' tag='AVA'><subfield code='0'>9912744763506421</subfield><subfield code='8'>22533271790006421</subfield><subfield code='a'>01PRI_INST</subfield><subfield code='b'>recap</subfield><subfield code='c'>Remote Storage</subfield><subfield code='d'>1789.111.79</subfield><subfield code='e'>available</subfield><subfield code='f'>1</subfield><subfield code='g'>0</subfield><subfield code='j'>pa</subfield><subfield code='k'>8</subfield><subfield code='p'>1</subfield><subfield code='q'>ReCAP</subfield></datafield></record>