
<record><leader>03815cam a2200805 i 4500</leader><controlfield tag='001'>99340833506421</controlfield><controlfield tag='005'>20260616112042.0</controlfield><controlfield tag='008'>801217s1979    enkabc        001 0 eng d</controlfield><datafield ind1=' ' ind2=' ' tag='010'><subfield code='a'>78073701</subfield></datafield><datafield ind1=' ' ind2=' ' tag='015'><subfield code='a'>GB7921503</subfield><subfield code='2'>bnb</subfield></datafield><datafield ind1='7' ind2=' ' tag='016'><subfield code='a'>007371090</subfield><subfield code='2'>Uk</subfield></datafield><datafield ind1=' ' ind2=' ' tag='019'><subfield code='a'>6067353</subfield><subfield code='a'>16493605</subfield><subfield code='a'>251694829</subfield><subfield code='a'>489746040</subfield><subfield code='a'>609791107</subfield><subfield code='a'>640798595</subfield><subfield code='a'>993368013</subfield><subfield code='a'>1008520655</subfield><subfield code='a'>1017236572</subfield><subfield code='a'>1020240210</subfield><subfield code='a'>1116592399</subfield></datafield><datafield ind1=' ' ind2=' ' tag='020'><subfield code='a'>0233971351</subfield></datafield><datafield ind1=' ' ind2=' ' tag='020'><subfield code='a'>9780233971353</subfield></datafield><datafield ind1='1' ind2=' ' tag='029'><subfield code='a'>AU@</subfield><subfield code='b'>000002104157</subfield></datafield><datafield ind1='1' ind2=' ' tag='029'><subfield code='a'>AU@</subfield><subfield code='b'>000041780025</subfield></datafield><datafield ind1='1' ind2=' ' tag='029'><subfield code='a'>AU@</subfield><subfield code='b'>000054838373</subfield></datafield><datafield ind1='1' ind2=' ' tag='029'><subfield code='a'>NLGGC</subfield><subfield code='b'>790284987</subfield></datafield><datafield ind1='1' ind2=' ' tag='029'><subfield code='a'>NZ1</subfield><subfield code='b'>3443795</subfield></datafield><datafield ind1='1' ind2=' ' tag='029'><subfield code='a'>NZ1</subfield><subfield code='b'>74461</subfield></datafield><datafield ind1='1' ind2=' ' tag='029'><subfield code='a'>UKMGB</subfield><subfield code='b'>007371090</subfield></datafield><datafield ind1='1' ind2=' ' tag='029'><subfield code='a'>ZWZ</subfield><subfield code='b'>012557293</subfield></datafield><datafield ind1='1' ind2=' ' tag='029'><subfield code='a'>CHBIS</subfield><subfield code='b'>002939172</subfield></datafield><datafield ind1='1' ind2=' ' tag='029'><subfield code='a'>CHVBK</subfield><subfield code='b'>148242057</subfield></datafield><datafield ind1='1' ind2=' ' tag='029'><subfield code='a'>AU@</subfield><subfield code='b'>000074727494</subfield></datafield><datafield ind1=' ' ind2=' ' tag='035'><subfield code='a'>(CStRLIN)NJPG20523289-B</subfield></datafield><datafield ind1=' ' ind2=' ' tag='035'><subfield code='9'>AAJ8463TS</subfield></datafield><datafield ind1=' ' ind2=' ' tag='035'><subfield code='a'>(NjP)34083-princetondb</subfield></datafield><datafield ind1=' ' ind2=' ' tag='035'><subfield code='z'>(NjP)Voyager34083</subfield></datafield><datafield ind1=' ' ind2=' ' tag='035'><subfield code='a'>(OCoLC)5786046</subfield></datafield><datafield ind1=' ' ind2=' ' tag='040'><subfield code='a'>PU</subfield><subfield code='b'>eng</subfield><subfield code='c'>PU</subfield></datafield><datafield ind1='1' ind2=' ' tag='100'><subfield code='a'>Landau, Jacob M.</subfield><subfield code='0'>http://id.loc.gov/authorities/names/n79096944</subfield></datafield><datafield ind1='1' ind2='0' tag='240'><subfield code='a'>Erets Yiśraʾel bi-yeme ʻAbdul Ḥamid.</subfield><subfield code='l'>English</subfield></datafield><datafield ind1='1' ind2='0' tag='245'><subfield code='a'>Abdul-Hamid&apos;s Palestine :</subfield><subfield code='b'>rare century-old photographs from the private collection of the Ottoman sultan, now published for the first time /</subfield><subfield code='c'>Selected and introduced by Jacob M. Landau.</subfield></datafield><datafield ind1=' ' ind2=' ' tag='260'><subfield code='a'>[London] :</subfield><subfield code='b'>Andre Deutsch,</subfield><subfield code='c'>1979.</subfield></datafield><datafield ind1=' ' ind2=' ' tag='300'><subfield code='a'>144 p. :</subfield><subfield code='b'>chiefly ill., map, ports. ;</subfield><subfield code='c'>27 cm.</subfield></datafield><datafield ind1=' ' ind2=' ' tag='500'><subfield code='a'>Includes index.</subfield></datafield><datafield ind1='0' ind2='0' tag='600'><subfield code='a'>Abdülhamid</subfield><subfield code='b'>II,</subfield><subfield code='c'>Sultan of the Turks,</subfield><subfield code='d'>1842-1918.</subfield><subfield code='0'>http://id.loc.gov/authorities/names/n50035365</subfield></datafield><datafield ind1='0' ind2='7' tag='600'><subfield code='a'>Abdülhamid</subfield><subfield code='b'>II,</subfield><subfield code='c'>Sultan of the Turks,</subfield><subfield code='d'>1842-1918</subfield><subfield code='2'>fast</subfield><subfield code='1'>https://id.oclc.org/worldcat/entity/E39PBJk4xY3yfcYX3bhhhvxxDq</subfield></datafield><datafield ind1='1' ind2='7' tag='600'><subfield code='a'>Abdülhamit II,</subfield><subfield code='c'>36e sultan van Turkije,</subfield><subfield code='d'>1842-1918.</subfield><subfield code='0'>(NL-LeOCL)073095206</subfield><subfield code='2'>nta</subfield></datafield><datafield ind1='0' ind2='7' tag='600'><subfield code='a'>Abdülhamid</subfield><subfield code='b'>II,</subfield><subfield code='d'>(1842-1918;</subfield><subfield code='c'>sultan)</subfield><subfield code='x'>Collections de photographies.</subfield><subfield code='2'>ram</subfield></datafield><datafield ind1=' ' ind2='7' tag='648'><subfield code='a'>638-1917</subfield><subfield code='2'>fast</subfield></datafield><datafield ind1=' ' ind2='7' tag='648'><subfield code='a'>1850-1900.</subfield><subfield code='0'>(NL-LeOCL)241924553</subfield><subfield code='2'>gtt</subfield></datafield><datafield ind1=' ' ind2='7' tag='648'><subfield code='a'>1900-1910.</subfield><subfield code='0'>(NL-LeOCL)241924790</subfield><subfield code='2'>gtt</subfield></datafield><datafield ind1=' ' ind2='7' tag='648'><subfield code='a'>Geschichte 1876-1909.</subfield><subfield code='2'>swd</subfield></datafield><datafield ind1=' ' ind2='0' tag='650'><subfield code='a'>Photography in historiography.</subfield><subfield code='0'>http://id.loc.gov/authorities/subjects/sh85101316</subfield></datafield><datafield ind1=' ' ind2='6' tag='650'><subfield code='a'>Photographie en historiographie.</subfield></datafield><datafield ind1=' ' ind2='7' tag='650'><subfield code='a'>15.75 history of Asia.</subfield><subfield code='0'>(NL-LeOCL)077599616</subfield><subfield code='2'>bcl</subfield></datafield><datafield ind1=' ' ind2='7' tag='650'><subfield code='a'>Photography in historiography</subfield><subfield code='2'>fast</subfield></datafield><datafield ind1=' ' ind2='7' tag='650'><subfield code='a'>Bildband</subfield><subfield code='2'>gnd</subfield></datafield><datafield ind1=' ' ind2='7' tag='650'><subfield code='a'>Fotografie</subfield><subfield code='2'>gnd</subfield></datafield><datafield ind1=' ' ind2='7' tag='650'><subfield code='a'>Photographie</subfield><subfield code='z'>Palestine</subfield><subfield code='y'>19e siècle.</subfield><subfield code='2'>ram</subfield></datafield><datafield ind1=' ' ind2='0' tag='651'><subfield code='a'>Palestine</subfield><subfield code='x'>History</subfield><subfield code='y'>638-1917.</subfield><subfield code='0'>http://id.loc.gov/authorities/subjects/sh85097170</subfield></datafield><datafield ind1=' ' ind2='0' tag='651'><subfield code='a'>Turkey</subfield><subfield code='x'>History</subfield><subfield code='y'>1878-1909.</subfield><subfield code='0'>http://id.loc.gov/authorities/subjects/sh85138826</subfield></datafield><datafield ind1=' ' ind2='6' tag='651'><subfield code='a'>Palestine</subfield><subfield code='x'>Histoire</subfield><subfield code='y'>638-1917.</subfield></datafield><datafield ind1=' ' ind2='6' tag='651'><subfield code='a'>Empire ottoman</subfield><subfield code='x'>Histoire</subfield><subfield code='y'>1878-1909.</subfield></datafield><datafield ind1=' ' ind2='7' tag='651'><subfield code='a'>Middle East</subfield><subfield code='z'>Palestine</subfield><subfield code='2'>fast</subfield><subfield code='1'>https://id.oclc.org/worldcat/entity/E39PBJbGRpdjCJGRyrXqt8rTHC</subfield></datafield><datafield ind1=' ' ind2='7' tag='651'><subfield code='a'>Turkey</subfield><subfield code='2'>fast</subfield><subfield code='1'>https://id.oclc.org/worldcat/entity/E39PBJxmHG9jJjCTM3y4pFRqcP</subfield></datafield><datafield ind1=' ' ind2='7' tag='651'><subfield code='a'>Palästina</subfield><subfield code='2'>gnd</subfield><subfield code='0'>http://d-nb.info/gnd/4044381-4</subfield></datafield><datafield ind1=' ' ind2='7' tag='651'><subfield code='a'>Palestine.</subfield><subfield code='0'>(NL-LeOCL)078620902</subfield><subfield code='2'>gtt</subfield></datafield><datafield ind1=' ' ind2='7' tag='651'><subfield code='a'>Eretz Israel</subfield><subfield code='x'>History</subfield><subfield code='y'>1882-1917.</subfield><subfield code='2'>nli</subfield></datafield><datafield ind1=' ' ind2='7' tag='651'><subfield code='a'>Eretz Israel</subfield><subfield code='x'>History</subfield><subfield code='y'>1882-1917</subfield><subfield code='v'>Pictorial works.</subfield><subfield code='2'>nli</subfield></datafield><datafield ind1=' ' ind2='7' tag='651'><subfield code='a'>Palestine</subfield><subfield code='x'>Descriptions et voyages</subfield><subfield code='y'>19e siècle</subfield><subfield code='x'>Vues.</subfield><subfield code='2'>ram</subfield></datafield><datafield ind1=' ' ind2='7' tag='651'><subfield code='a'>Empire ottoman</subfield><subfield code='y'>1878-1909.</subfield><subfield code='2'>ram</subfield></datafield><datafield ind1=' ' ind2=' ' tag='653'><subfield code='a'>Palestine, ca 1880-ca 1900 Illustrations</subfield></datafield><datafield ind1=' ' ind2=' ' tag='911'><subfield code='a'>19921028</subfield></datafield><datafield ind1=' ' ind2=' ' tag='912'><subfield code='a'>19970114064944.0</subfield></datafield><datafield ind1=' ' ind2=' ' tag='914'><subfield code='a'>(OCoLC)ocm05786046</subfield><subfield code='b'>OCoLC</subfield><subfield code='c'>match</subfield><subfield code='d'>20240717</subfield><subfield code='e'>processed</subfield><subfield code='f'>5786046</subfield></datafield><datafield ind1=' ' ind2=' ' tag='916'><subfield code='a'>2026-03-12</subfield><subfield code='b'>(OCoLC)5786046</subfield><subfield code='c'>New collection customer.1791.allpul</subfield><subfield code='d'>99340833506421</subfield><subfield code='e'>WorldShare Record Update</subfield><subfield code='f'>processed</subfield></datafield><datafield ind1=' ' ind2=' ' tag='998'><subfield code='a'>12/17/80</subfield><subfield code='s'>9114</subfield><subfield code='n'>NjP</subfield><subfield code='w'>NJPG20523289B</subfield><subfield code='d'>05/08/81</subfield><subfield code='c'>GSG</subfield><subfield code='b'>JDB</subfield><subfield code='i'>801217</subfield><subfield code='l'>NJPG</subfield></datafield><datafield ind1=' ' ind2=' ' tag='AVA'><subfield code='0'>99340833506421</subfield><subfield code='8'>22615067930006421</subfield><subfield code='a'>01PRI_INST</subfield><subfield code='b'>firestone</subfield><subfield code='c'>Stacks</subfield><subfield code='d'>DS125 .xL35</subfield><subfield code='e'>available</subfield><subfield code='f'>1</subfield><subfield code='g'>0</subfield><subfield code='j'>stacks</subfield><subfield code='k'>0</subfield><subfield code='p'>1</subfield><subfield code='q'>Firestone Library</subfield></datafield></record>