
<record><leader>02933cam a2200517 a 4500</leader><controlfield tag='001'>99113245293506421</controlfield><controlfield tag='005'>20240812122547.0</controlfield><controlfield tag='008'>110824s2012    scua     b    000 0deng^^</controlfield><datafield ind1=' ' ind2=' ' tag='010'><subfield code='a'>2011937411</subfield></datafield><datafield ind1=' ' ind2=' ' tag='019'><subfield code='a'>756576669</subfield></datafield><datafield ind1=' ' ind2=' ' tag='020'><subfield code='a'>9780738585284</subfield><subfield code='q'>(pbk.)</subfield></datafield><datafield ind1=' ' ind2=' ' tag='020'><subfield code='a'>0738585289</subfield><subfield code='q'>(pbk.)</subfield></datafield><datafield ind1=' ' ind2=' ' tag='035'><subfield code='a'>(NjP)11324529-princetondb</subfield></datafield><datafield ind1=' ' ind2=' ' tag='035'><subfield code='z'>(OCoLC)756576669</subfield></datafield><datafield ind1=' ' ind2=' ' tag='035'><subfield code='a'>(OCoLC)ocn777568187</subfield></datafield><datafield ind1=' ' ind2=' ' tag='035'><subfield code='z'>(NjP)Voyager11324529</subfield></datafield><datafield ind1=' ' ind2=' ' tag='040'><subfield code='a'>DLC</subfield><subfield code='b'>eng</subfield><subfield code='c'>DLC</subfield><subfield code='d'>TAI</subfield><subfield code='d'>FKS</subfield><subfield code='d'>BTCTA</subfield><subfield code='d'>BKX</subfield><subfield code='d'>YDXCP</subfield><subfield code='d'>OCLCF</subfield><subfield code='d'>OCLCO</subfield><subfield code='d'>OCLCQ</subfield><subfield code='d'>ECT</subfield><subfield code='d'>TXNUE</subfield></datafield><datafield ind1=' ' ind2=' ' tag='042'><subfield code='a'>pcc</subfield></datafield><datafield ind1=' ' ind2=' ' tag='043'><subfield code='a'>n-us-tx</subfield></datafield><datafield ind1='0' ind2='0' tag='050'><subfield code='a'>F394.C78</subfield><subfield code='b'>A34 2012</subfield></datafield><datafield ind1='0' ind2='4' tag='082'><subfield code='a'>976.4/113</subfield><subfield code='2'>23</subfield></datafield><datafield ind1='0' ind2='0' tag='245'><subfield code='a'>African Americans in Corpus Christi /</subfield><subfield code='c'>Bruce A. Glasrud [and others].</subfield></datafield><datafield ind1=' ' ind2=' ' tag='260'><subfield code='a'>Charleston, S.C. :</subfield><subfield code='b'>Arcadia Pub.,</subfield><subfield code='c'>©2012.</subfield></datafield><datafield ind1=' ' ind2=' ' tag='300'><subfield code='a'>127 pages :</subfield><subfield code='b'>chiefly illustrations ;</subfield><subfield code='c'>24 cm.</subfield></datafield><datafield ind1=' ' ind2=' ' tag='336'><subfield code='a'>text</subfield><subfield code='b'>txt</subfield><subfield code='2'>rdacontent</subfield></datafield><datafield ind1=' ' ind2=' ' tag='337'><subfield code='a'>unmediated</subfield><subfield code='b'>n</subfield><subfield code='2'>rdamedia</subfield></datafield><datafield ind1=' ' ind2=' ' tag='338'><subfield code='a'>volume</subfield><subfield code='b'>nc</subfield><subfield code='2'>rdacarrier</subfield></datafield><datafield ind1='1' ind2=' ' tag='490'><subfield code='a'>Images of America</subfield></datafield><datafield ind1=' ' ind2=' ' tag='504'><subfield code='a'>Includes bibliographical references (page 127).</subfield></datafield><datafield ind1='0' ind2=' ' tag='505'><subfield code='a'>Creating community, 1852-1925 -- Expanding opportunities, 1926-1940 -- Challenging segregation, 1941-1954 -- Asserting rights, 1955-1974 -- Generating pride, 1975-1990 -- Clarifying roles, 1991-2011.</subfield></datafield><datafield ind1=' ' ind2=' ' tag='520'><subfield code='a'>From slavery to freedom, to education, to achievement: these words reflect the goals of African Americans who first came as slaves with the Spanish to this part of the Texas coast. Freed by the Civil War on Juneteenth (June 19, 1865), blacks soon established an active and viable community, a significant part of which was defined by the black churches. Prominent leaders emerged, including Solomon Melvin Coles, H. Boyd Hall, Rufus Avery, and Gloria Randle Scott. Using photographs from individual collections, as well as the Corpus Christi Public Library, Corpus Christi Museum of Science and History, and Texas A&amp;M University Corpus Christi, African Americans in Corpus Christi reveals the history and people of Corpus Christi.</subfield></datafield><datafield ind1=' ' ind2='0' tag='650'><subfield code='a'>African Americans</subfield><subfield code='z'>Texas</subfield><subfield code='z'>Corpus Christi</subfield><subfield code='x'>History</subfield><subfield code='v'>Pictorial works.</subfield></datafield><datafield ind1=' ' ind2='0' tag='651'><subfield code='a'>Corpus Christi (Tex.)</subfield><subfield code='v'>Biography</subfield><subfield code='v'>Pictorial works.</subfield></datafield><datafield ind1=' ' ind2='0' tag='651'><subfield code='a'>Corpus Christi (Tex.)</subfield><subfield code='x'>History</subfield><subfield code='v'>Pictorial works.</subfield></datafield><datafield ind1=' ' ind2='7' tag='650'><subfield code='a'>African Americans.</subfield><subfield code='2'>fast</subfield><subfield code='0'>(OCoLC)fst00799558</subfield></datafield><datafield ind1=' ' ind2='7' tag='651'><subfield code='a'>Texas</subfield><subfield code='z'>Corpus Christi.</subfield><subfield code='2'>fast</subfield><subfield code='0'>(OCoLC)fst01204275</subfield></datafield><datafield ind1=' ' ind2='4' tag='651'><subfield code='a'>Corpus Christi.</subfield></datafield><datafield ind1=' ' ind2='7' tag='655'><subfield code='a'>Biographies</subfield><subfield code='v'>Pictorial works.</subfield><subfield code='2'>fast</subfield><subfield code='0'>(OCoLC)fst01423829</subfield></datafield><datafield ind1=' ' ind2='7' tag='655'><subfield code='a'>History.</subfield><subfield code='2'>fast</subfield><subfield code='0'>(OCoLC)fst01411628</subfield></datafield><datafield ind1=' ' ind2='7' tag='655'><subfield code='a'>Pictorial works.</subfield><subfield code='2'>fast</subfield><subfield code='0'>(OCoLC)fst01423874</subfield></datafield><datafield ind1=' ' ind2='7' tag='655'><subfield code='a'>Illustrated works.</subfield><subfield code='2'>lcgft</subfield><subfield code='0'>http://id.loc.gov/authorities/genreForms/gf2014026111</subfield></datafield><datafield ind1='1' ind2=' ' tag='700'><subfield code='a'>Glasrud, Bruce A.</subfield><subfield code='0'>http://id.loc.gov/authorities/names/n81125961</subfield></datafield><datafield ind1=' ' ind2='0' tag='830'><subfield code='a'>Images of America</subfield></datafield><datafield ind1=' ' ind2=' ' tag='902'><subfield code='a'>ek</subfield><subfield code='b'>l</subfield><subfield code='6'>a</subfield><subfield code='7'>m</subfield><subfield code='d'>v</subfield><subfield code='f'>1</subfield><subfield code='e'>20190419</subfield></datafield><datafield ind1=' ' ind2=' ' tag='904'><subfield code='a'>pad</subfield><subfield code='b'>o</subfield><subfield code='h'>m</subfield><subfield code='c'>b</subfield><subfield code='e'>20190410</subfield></datafield><datafield ind1=' ' ind2=' ' tag='914'><subfield code='a'>(OCoLC)ocn777568187</subfield><subfield code='b'>OCoLC</subfield><subfield code='c'>match</subfield><subfield code='d'>20221117</subfield><subfield code='e'>processed</subfield><subfield code='f'>777568187</subfield></datafield><datafield ind1=' ' ind2=' ' tag='AVA'><subfield code='0'>99113245293506421</subfield><subfield code='8'>22579036310006421</subfield><subfield code='a'>01PRI_INST</subfield><subfield code='b'>recap</subfield><subfield code='c'>Remote Storage</subfield><subfield code='d'>F394.C78 A34 2012</subfield><subfield code='e'>available</subfield><subfield code='f'>1</subfield><subfield code='g'>0</subfield><subfield code='j'>pa</subfield><subfield code='k'>0</subfield><subfield code='p'>1</subfield><subfield code='q'>ReCAP</subfield></datafield></record>