
<record><leader>02832cam a2200469 a 4500</leader><controlfield tag='001'>99118107293506421</controlfield><controlfield tag='005'>20231117204922.0</controlfield><controlfield tag='008'>080129s2008    scua     b    000 0 eng^^</controlfield><datafield ind1=' ' ind2=' ' tag='010'><subfield code='a'>2008921896</subfield></datafield><datafield ind1=' ' ind2=' ' tag='020'><subfield code='a'>9780738554143</subfield></datafield><datafield ind1=' ' ind2=' ' tag='020'><subfield code='a'>0738554146</subfield></datafield><datafield ind1=' ' ind2=' ' tag='035'><subfield code='a'>(NjP)11810729-princetondb</subfield></datafield><datafield ind1=' ' ind2=' ' tag='035'><subfield code='a'>(OCoLC)ocn251192816</subfield></datafield><datafield ind1=' ' ind2=' ' tag='035'><subfield code='z'>(NjP)Voyager11810729</subfield></datafield><datafield ind1=' ' ind2=' ' tag='040'><subfield code='a'>DLC</subfield><subfield code='b'>eng</subfield><subfield code='c'>DLC</subfield><subfield code='d'>BTCTA</subfield><subfield code='d'>YDXCP</subfield><subfield code='d'>MHR</subfield><subfield code='d'>OCLCF</subfield><subfield code='d'>OCLCO</subfield><subfield code='d'>OA6</subfield><subfield code='d'>OCLCO</subfield><subfield code='d'>OCLCQ</subfield></datafield><datafield ind1=' ' ind2=' ' tag='043'><subfield code='a'>n-us-va</subfield></datafield><datafield ind1='0' ind2='0' tag='050'><subfield code='a'>F234.P4</subfield><subfield code='b'>L36 2008</subfield></datafield><datafield ind1='0' ind2='4' tag='082'><subfield code='a'>975.5 LUQMANDA</subfield></datafield><datafield ind1='1' ind2=' ' tag='100'><subfield code='a'>Luqman-Dawson, Amina.</subfield><subfield code='0'>http://id.loc.gov/authorities/names/n2009016260</subfield></datafield><datafield ind1='1' ind2='0' tag='245'><subfield code='a'>African Americans of Petersburg /</subfield><subfield code='c'>Amina Luqman-Dawson.</subfield></datafield><datafield ind1=' ' ind2=' ' tag='260'><subfield code='a'>Charleston, SC :</subfield><subfield code='b'>Arcadia Pub.,</subfield><subfield code='c'>2008.</subfield></datafield><datafield ind1=' ' ind2=' ' tag='300'><subfield code='a'>127 pages :</subfield><subfield code='b'>illustrations ;</subfield><subfield code='c'>24 cm</subfield></datafield><datafield ind1=' ' ind2=' ' tag='336'><subfield code='a'>text</subfield><subfield code='b'>txt</subfield><subfield code='2'>rdacontent</subfield></datafield><datafield ind1=' ' ind2=' ' tag='337'><subfield code='a'>unmediated</subfield><subfield code='b'>n</subfield><subfield code='2'>rdamedia</subfield></datafield><datafield ind1=' ' ind2=' ' tag='338'><subfield code='a'>volume</subfield><subfield code='b'>nc</subfield><subfield code='2'>rdacarrier</subfield></datafield><datafield ind1=' ' ind2=' ' tag='504'><subfield code='a'>Includes bibliographical references (page 127).</subfield></datafield><datafield ind1='0' ind2=' ' tag='505'><subfield code='a'>Introduction -- Faces of the early years -- In service of country -- A city of churches -- The struggle for equality -- A new day in politics -- The heyday of Black business -- The power of knowledge -- In service of community -- People and places of note.</subfield></datafield><datafield ind1=' ' ind2=' ' tag='520'><subfield code='a'>&quot;The city was the site of one of the largest free black populations in the South leading up to the Civil War, and more black soldiers participated in the Siege of Petersburg than in any other Civil War engagement. The city is the location of First Baptist Church, the nation&apos;s oldest black church; has produced trailblazers in political life, including Virginia&apos;s first black mayor; and is the site of the famous Halifax Triangle, a thriving black business district. This diverse and poignant collection of photographs reveals a heritage rich in entrepreneurial spirit, devotion to church life, and unshakable courage in the struggle for civil rights&quot;--Page 4 of cover.</subfield></datafield><datafield ind1=' ' ind2='0' tag='650'><subfield code='a'>African Americans</subfield><subfield code='z'>Virginia</subfield><subfield code='z'>Petersburg</subfield><subfield code='x'>History</subfield><subfield code='v'>Pictorial works.</subfield></datafield><datafield ind1=' ' ind2='0' tag='651'><subfield code='a'>Petersburg (Va.)</subfield><subfield code='x'>History</subfield><subfield code='v'>Pictorial works.</subfield></datafield><datafield ind1=' ' ind2='7' tag='650'><subfield code='a'>African Americans.</subfield><subfield code='2'>fast</subfield><subfield code='0'>(OCoLC)fst00799558</subfield></datafield><datafield ind1=' ' ind2='7' tag='651'><subfield code='a'>Virginia</subfield><subfield code='z'>Petersburg.</subfield><subfield code='2'>fast</subfield><subfield code='0'>(OCoLC)fst01209840</subfield></datafield><datafield ind1=' ' ind2='7' tag='655'><subfield code='a'>History.</subfield><subfield code='2'>fast</subfield><subfield code='0'>(OCoLC)fst01411628</subfield></datafield><datafield ind1=' ' ind2='7' tag='655'><subfield code='a'>Pictorial works.</subfield><subfield code='2'>fast</subfield><subfield code='0'>(OCoLC)fst01423874</subfield></datafield><datafield ind1=' ' ind2=' ' tag='902'><subfield code='a'>dls</subfield><subfield code='b'>l</subfield><subfield code='6'>a</subfield><subfield code='7'>m</subfield><subfield code='d'>v</subfield><subfield code='f'>1</subfield><subfield code='e'>20200207</subfield></datafield><datafield ind1=' ' ind2=' ' tag='914'><subfield code='a'>(OCoLC)ocn251192816</subfield><subfield code='b'>OCoLC</subfield><subfield code='c'>match</subfield><subfield code='d'>20230125</subfield><subfield code='e'>processed</subfield><subfield code='f'>251192816</subfield></datafield><datafield ind1=' ' ind2=' ' tag='938'><subfield code='a'>Baker and Taylor</subfield><subfield code='b'>BTCP</subfield><subfield code='n'>BK0007934906</subfield></datafield><datafield ind1=' ' ind2=' ' tag='938'><subfield code='a'>YBP Library Services</subfield><subfield code='b'>YANK</subfield><subfield code='n'>3316018</subfield></datafield><datafield ind1=' ' ind2=' ' tag='948'><subfield code='h'>NO HOLDINGS IN PUL - 29 OTHER HOLDINGS</subfield></datafield><datafield ind1='4' ind2='2' tag='956'><subfield code='3'>Contributor biographical information</subfield><subfield code='u'>http://catdir.loc.gov/catdir/enhancements/fy0902/2008921896-b.html</subfield></datafield><datafield ind1='4' ind2='2' tag='956'><subfield code='3'>Publisher description</subfield><subfield code='u'>http://catdir.loc.gov/catdir/enhancements/fy0902/2008921896-d.html</subfield></datafield><datafield ind1=' ' ind2=' ' tag='994'><subfield code='a'>Z0</subfield><subfield code='b'>PUL</subfield></datafield><datafield ind1=' ' ind2=' ' tag='AVA'><subfield code='0'>99118107293506421</subfield><subfield code='8'>22664764540006421</subfield><subfield code='a'>01PRI_INST</subfield><subfield code='b'>recap</subfield><subfield code='c'>Remote Storage</subfield><subfield code='d'>F234.P4 L36 2008</subfield><subfield code='e'>available</subfield><subfield code='f'>1</subfield><subfield code='g'>0</subfield><subfield code='j'>pa</subfield><subfield code='k'>0</subfield><subfield code='p'>1</subfield><subfield code='q'>ReCAP</subfield></datafield></record>