
<record><leader>03562cam a22005414a 4500</leader><controlfield tag='001'>99115514553506421</controlfield><controlfield tag='005'>20240718135532.0</controlfield><controlfield tag='008'>070921s2008    scuac    b    000 0deng^^</controlfield><datafield ind1=' ' ind2=' ' tag='010'><subfield code='a'>2007937954</subfield></datafield><datafield ind1=' ' ind2=' ' tag='020'><subfield code='a'>9780738553535</subfield><subfield code='q'>(pbk.)</subfield></datafield><datafield ind1=' ' ind2=' ' tag='020'><subfield code='a'>0738553530</subfield><subfield code='q'>(pbk.)</subfield></datafield><datafield ind1=' ' ind2=' ' tag='035'><subfield code='a'>(NjP)11551455-princetondb</subfield></datafield><datafield ind1=' ' ind2=' ' tag='035'><subfield code='z'>(NjP)Voyager11551455</subfield></datafield><datafield ind1=' ' ind2=' ' tag='035'><subfield code='a'>(OCoLC)ocn182525825</subfield></datafield><datafield ind1=' ' ind2=' ' tag='040'><subfield code='a'>DLC</subfield><subfield code='b'>eng</subfield><subfield code='c'>DLC</subfield><subfield code='d'>BTCTA</subfield><subfield code='d'>BAKER</subfield><subfield code='d'>IMF</subfield><subfield code='d'>YDXCP</subfield><subfield code='d'>OCLCF</subfield><subfield code='d'>OCLCO</subfield><subfield code='d'>OCLCQ</subfield><subfield code='d'>GDC</subfield><subfield code='d'>OCL</subfield></datafield><datafield ind1=' ' ind2=' ' tag='043'><subfield code='a'>n-us-va</subfield></datafield><datafield ind1='0' ind2='0' tag='050'><subfield code='a'>F232.S8</subfield><subfield code='b'>M553 2008</subfield></datafield><datafield ind1='0' ind2='0' tag='082'><subfield code='a'>975.5/3650440222</subfield><subfield code='2'>22</subfield></datafield><datafield ind1='1' ind2=' ' tag='100'><subfield code='a'>Miller, Terry</subfield><subfield code='c'>(Historian)</subfield><subfield code='0'>http://id.loc.gov/authorities/names/n2017039941</subfield></datafield><datafield ind1='1' ind2='0' tag='245'><subfield code='a'>African Americans of Spotsylvania County /</subfield><subfield code='c'>Terry Miller and Roger Braxton.</subfield></datafield><datafield ind1=' ' ind2=' ' tag='260'><subfield code='a'>Charleston, S.C. :</subfield><subfield code='b'>Arcadia Pub.,</subfield><subfield code='c'>©2008.</subfield></datafield><datafield ind1=' ' ind2=' ' tag='300'><subfield code='a'>127 pages :</subfield><subfield code='b'>chiefly illustrations, portraits ;</subfield><subfield code='c'>24 cm.</subfield></datafield><datafield ind1=' ' ind2=' ' tag='336'><subfield code='a'>text</subfield><subfield code='b'>txt</subfield><subfield code='2'>rdacontent</subfield></datafield><datafield ind1=' ' ind2=' ' tag='337'><subfield code='a'>unmediated</subfield><subfield code='b'>n</subfield><subfield code='2'>rdamedia</subfield></datafield><datafield ind1=' ' ind2=' ' tag='338'><subfield code='a'>volume</subfield><subfield code='b'>nc</subfield><subfield code='2'>rdacarrier</subfield></datafield><datafield ind1='1' ind2=' ' tag='490'><subfield code='a'>Images of America.</subfield></datafield><datafield ind1=' ' ind2=' ' tag='504'><subfield code='a'>Includes bibliographical references (page 127).</subfield></datafield><datafield ind1='0' ind2=' ' tag='505'><subfield code='a'>In our spirits -- With our hands -- In our service -- With our minds -- In our arms.</subfield></datafield><datafield ind1=' ' ind2=' ' tag='520'><subfield code='a'>Spotsylvania County, Virginia, was established in 1721, but it was not until after the Civil War that the names of approximately 4,700 African Americans born and/or living in the county were recorded for the first time. More than 150 African Americans were over the age of 70 as recorded in the 1870 census report. The county is best known as the namesake of its dynamic governor, Alexander Spotswood, and for its bloody Civil War battles. The African American community emerged from the ravages of war after more than 140 years of slavery. The community formalized the institutions they developed for survival during those years and charted a path for their growth. This volume pays homage to religion, work, service, education, and the human touch that brought families through undeniably difficult times. The photographs and accompanying stories come largely from private collections of Spotsylvania African Americans who gratefully shared their ancestors&apos; heritage with the wider world.--Book jacket.</subfield></datafield><datafield ind1=' ' ind2='0' tag='650'><subfield code='a'>African Americans</subfield><subfield code='z'>Virginia</subfield><subfield code='z'>Spotsylvania County</subfield><subfield code='x'>History</subfield><subfield code='v'>Pictorial works.</subfield></datafield><datafield ind1=' ' ind2='0' tag='650'><subfield code='a'>African Americans</subfield><subfield code='z'>Virginia</subfield><subfield code='z'>Spotsylvania County</subfield><subfield code='v'>Biography</subfield><subfield code='v'>Pictorial works.</subfield></datafield><datafield ind1=' ' ind2='0' tag='651'><subfield code='a'>Spotsylvania County (Va.)</subfield><subfield code='x'>History</subfield><subfield code='v'>Pictorial works.</subfield></datafield><datafield ind1=' ' ind2='0' tag='651'><subfield code='a'>Spotsylvania County (Va.)</subfield><subfield code='v'>Biography</subfield><subfield code='v'>Pictorial works.</subfield></datafield><datafield ind1=' ' ind2='0' tag='651'><subfield code='a'>Spotsylvania County (Va.)</subfield><subfield code='x'>Social life and customs</subfield><subfield code='v'>Pictorial works.</subfield></datafield><datafield ind1=' ' ind2='7' tag='650'><subfield code='a'>African Americans.</subfield><subfield code='2'>fast</subfield><subfield code='0'>(OCoLC)fst00799558</subfield></datafield><datafield ind1=' ' ind2='7' tag='650'><subfield code='a'>Manners and customs.</subfield><subfield code='2'>fast</subfield><subfield code='0'>(OCoLC)fst01007815</subfield></datafield><datafield ind1=' ' ind2='7' tag='651'><subfield code='a'>Virginia</subfield><subfield code='z'>Spotsylvania County.</subfield><subfield code='2'>fast</subfield><subfield code='0'>(OCoLC)fst01208346</subfield></datafield><datafield ind1=' ' ind2='7' tag='655'><subfield code='a'>Biographies.</subfield><subfield code='2'>fast</subfield><subfield code='0'>(OCoLC)fst01423686</subfield></datafield><datafield ind1=' ' ind2='7' tag='655'><subfield code='a'>History.</subfield><subfield code='2'>fast</subfield><subfield code='0'>(OCoLC)fst01411628</subfield></datafield><datafield ind1=' ' ind2='7' tag='655'><subfield code='a'>Pictorial works.</subfield><subfield code='2'>fast</subfield><subfield code='0'>(OCoLC)fst01423874</subfield></datafield><datafield ind1='1' ind2=' ' tag='700'><subfield code='a'>Braxton, Roger.</subfield><subfield code='0'>http://id.loc.gov/authorities/names/n2008071347</subfield></datafield><datafield ind1=' ' ind2='0' tag='830'><subfield code='a'>Images of America</subfield></datafield><datafield ind1=' ' ind2=' ' tag='902'><subfield code='a'>ek</subfield><subfield code='b'>l</subfield><subfield code='6'>a</subfield><subfield code='7'>m</subfield><subfield code='d'>v</subfield><subfield code='f'>1</subfield><subfield code='e'>20190904</subfield></datafield><datafield ind1=' ' ind2=' ' tag='904'><subfield code='a'>ek</subfield><subfield code='b'>o</subfield><subfield code='h'>m</subfield><subfield code='c'>b</subfield><subfield code='e'>20190903</subfield></datafield><datafield ind1=' ' ind2=' ' tag='914'><subfield code='a'>(OCoLC)ocn182525825</subfield><subfield code='b'>OCoLC</subfield><subfield code='c'>match</subfield><subfield code='d'>20240710</subfield><subfield code='e'>processed</subfield><subfield code='f'>182525825</subfield></datafield><datafield ind1='4' ind2='1' tag='956'><subfield code='3'>Table of contents</subfield><subfield code='u'>http://catdir.loc.gov/catdir/toc/fy0903/2007937954.html</subfield></datafield><datafield ind1='4' ind2='2' tag='956'><subfield code='3'>Contributor biographical information</subfield><subfield code='u'>http://catdir.loc.gov/catdir/enhancements/fy0809/2007937954-b.html</subfield></datafield><datafield ind1='4' ind2='2' tag='956'><subfield code='3'>Publisher description</subfield><subfield code='u'>http://catdir.loc.gov/catdir/enhancements/fy0809/2007937954-d.html</subfield></datafield><datafield ind1=' ' ind2=' ' tag='AVA'><subfield code='0'>99115514553506421</subfield><subfield code='8'>22591108540006421</subfield><subfield code='a'>01PRI_INST</subfield><subfield code='b'>recap</subfield><subfield code='c'>Remote Storage</subfield><subfield code='d'>F232.S8 M553 2008</subfield><subfield code='e'>available</subfield><subfield code='f'>1</subfield><subfield code='g'>0</subfield><subfield code='j'>pa</subfield><subfield code='k'>0</subfield><subfield code='p'>1</subfield><subfield code='q'>ReCAP</subfield></datafield></record>