
<record><leader>01389cam a22002777a 4500</leader><controlfield tag='001'>9926976473506421</controlfield><controlfield tag='005'>20260623111258.0</controlfield><controlfield tag='008'>921221s1974    nyua     c    000 0 eng d</controlfield><datafield ind1=' ' ind2=' ' tag='035'><subfield code='a'>(CStRLIN)NJPG92-B70329</subfield></datafield><datafield ind1=' ' ind2=' ' tag='035'><subfield code='9'>CMV8283TS</subfield></datafield><datafield ind1=' ' ind2=' ' tag='035'><subfield code='a'>(NjP)2697647-princetondb</subfield></datafield><datafield ind1=' ' ind2=' ' tag='035'><subfield code='z'>(NjP)Voyager2697647</subfield></datafield><datafield ind1=' ' ind2=' ' tag='035'><subfield code='a'>(OCoLC)43295794</subfield></datafield><datafield ind1=' ' ind2=' ' tag='040'><subfield code='a'>NjP</subfield><subfield code='b'>eng</subfield><subfield code='c'>NjP</subfield></datafield><datafield ind1='2' ind2=' ' tag='110'><subfield code='a'>Sotheby Parke Bernet Inc.</subfield><subfield code='0'>http://id.loc.gov/authorities/names/n81107851</subfield></datafield><datafield ind1='1' ind2='0' tag='245'><subfield code='a'>African, Oceanic, Pre-Columbian and American Indian art ... :</subfield><subfield code='b'>public auction, Friday, December 13, 1974 ... Saturday, December 14 ...</subfield></datafield><datafield ind1=' ' ind2=' ' tag='260'><subfield code='a'>New York, N.Y. :</subfield><subfield code='b'>Sotheby Parke Bernet Inc.,</subfield><subfield code='c'>1974.</subfield></datafield><datafield ind1=' ' ind2=' ' tag='300'><subfield code='a'>[2] leaves, 105 p. :</subfield><subfield code='b'>ill. ;</subfield><subfield code='c'>24 cm.</subfield></datafield><datafield ind1=' ' ind2=' ' tag='500'><subfield code='a'>On t.p.: &quot;Property of various owners including Mr. and Mrs. Jules Berman, formerly the Kahlúa collection, the collection of J.J. Klejman ... Mr. and Mrs. Francois Guesdon, from the collection of Margaret Carberry Taggart.&quot;</subfield></datafield><datafield ind1=' ' ind2=' ' tag='500'><subfield code='a'>&quot;Estimates (U.S. $)&quot; laid in.</subfield></datafield><datafield ind1=' ' ind2=' ' tag='500'><subfield code='a'>&quot;Sale number 3707.&quot;</subfield></datafield><datafield ind1=' ' ind2=' ' tag='911'><subfield code='a'>20000106</subfield></datafield><datafield ind1=' ' ind2=' ' tag='912'><subfield code='a'>19991210000000.0</subfield></datafield><datafield ind1=' ' ind2=' ' tag='914'><subfield code='a'>(OCoLC)ocm43295794</subfield><subfield code='b'>OCoLC</subfield><subfield code='c'>match</subfield><subfield code='d'>20251105</subfield><subfield code='e'>processed</subfield><subfield code='f'>43295794</subfield></datafield><datafield ind1=' ' ind2=' ' tag='916'><subfield code='a'>2026-03-12</subfield><subfield code='b'>(OCoLC)43295794</subfield><subfield code='c'>New collection customer.1791.allpul</subfield><subfield code='d'>9926976473506421</subfield><subfield code='e'>WorldShare Record Update</subfield><subfield code='f'>processed</subfield></datafield><datafield ind1=' ' ind2=' ' tag='998'><subfield code='a'>12/10/99</subfield><subfield code='s'>9994</subfield><subfield code='n'>NjP</subfield><subfield code='w'>NJPG92B70329</subfield><subfield code='d'>12/21/92</subfield><subfield code='c'>GLS</subfield><subfield code='b'>MRF</subfield><subfield code='i'>991210</subfield><subfield code='l'>NJPG</subfield></datafield><datafield ind1=' ' ind2=' ' tag='AVA'><subfield code='0'>9926976473506421</subfield><subfield code='8'>22602082920006421</subfield><subfield code='a'>01PRI_INST</subfield><subfield code='b'>rare</subfield><subfield code='c'>Remote Storage (ReCAP): Western Americana. Special Collections Use Only</subfield><subfield code='d'>RECAP-84745</subfield><subfield code='e'>available</subfield><subfield code='f'>1</subfield><subfield code='g'>0</subfield><subfield code='j'>xw</subfield><subfield code='k'>8</subfield><subfield code='p'>1</subfield><subfield code='q'>Special Collections</subfield></datafield></record>