
<record><leader>01231cam a2200277 i 4500</leader><controlfield tag='001'>9910550983506421</controlfield><controlfield tag='005'>20251106032653.0</controlfield><controlfield tag='008'>891109s1977    nyua     c    000 0 eng d</controlfield><datafield ind1=' ' ind2=' ' tag='035'><subfield code='a'>(CStRLIN)NJPG89-B54089</subfield></datafield><datafield ind1=' ' ind2=' ' tag='035'><subfield code='9'>CCD3143TS</subfield></datafield><datafield ind1=' ' ind2=' ' tag='035'><subfield code='a'>(NjP)1055098-princetondb</subfield></datafield><datafield ind1=' ' ind2=' ' tag='035'><subfield code='z'>(NjP)Voyager1055098</subfield></datafield><datafield ind1=' ' ind2=' ' tag='035'><subfield code='a'>(OCoLC)ocm04561928</subfield></datafield><datafield ind1=' ' ind2=' ' tag='040'><subfield code='a'>PU</subfield><subfield code='b'>eng</subfield><subfield code='c'>PU</subfield><subfield code='d'>CStRLIN</subfield><subfield code='d'>NjP</subfield></datafield><datafield ind1='0' ind2='0' tag='245'><subfield code='a'>African, Oceanic, pre-Columbian and American Indian art :</subfield><subfield code='b'>the property of various owners, including R. W. Bentley ... [et al.] : public auction, October 14-15, 1977, Sotheby Parke Bernet Inc., New York.</subfield></datafield><datafield ind1=' ' ind2=' ' tag='260'><subfield code='a'>New York :</subfield><subfield code='b'>Sotheby,</subfield><subfield code='c'>1977.</subfield></datafield><datafield ind1=' ' ind2=' ' tag='300'><subfield code='a'>ca. 200 p. :</subfield><subfield code='b'>ill. ;</subfield><subfield code='c'>24 cm.</subfield></datafield><datafield ind1=' ' ind2=' ' tag='500'><subfield code='a'>Sale number 4029.</subfield></datafield><datafield ind1=' ' ind2='0' tag='650'><subfield code='a'>Art, Prehistoric</subfield><subfield code='v'>Catalogs.</subfield><subfield code='0'>http://id.loc.gov/authorities/subjects/sh2009115903</subfield></datafield><datafield ind1=' ' ind2='0' tag='650'><subfield code='a'>Indian art</subfield><subfield code='x'>Catalogs.</subfield></datafield><datafield ind1=' ' ind2='7' tag='655'><subfield code='a'>Catalogs.</subfield><subfield code='2'>lcgft</subfield><subfield code='0'>http://id.loc.gov/authorities/genreForms/gf2014026057</subfield></datafield><datafield ind1='2' ind2=' ' tag='710'><subfield code='a'>Sotheby Parke Bernet Inc.</subfield><subfield code='0'>http://id.loc.gov/authorities/names/n81107851</subfield></datafield><datafield ind1=' ' ind2=' ' tag='911'><subfield code='a'>19960529</subfield></datafield><datafield ind1=' ' ind2=' ' tag='912'><subfield code='a'>19960516000000.0</subfield></datafield><datafield ind1=' ' ind2=' ' tag='914'><subfield code='a'>(OCoLC)ocm04561928</subfield><subfield code='b'>OCoLC</subfield><subfield code='c'>match</subfield><subfield code='d'>20251105</subfield><subfield code='e'>processed</subfield><subfield code='f'>4561928</subfield></datafield><datafield ind1=' ' ind2=' ' tag='998'><subfield code='a'>05/16/96</subfield><subfield code='s'>9115</subfield><subfield code='n'>NjP</subfield><subfield code='w'>NJPG89B54089</subfield><subfield code='d'>11/09/89</subfield><subfield code='c'>GLS</subfield><subfield code='b'>SC</subfield><subfield code='i'>960516</subfield><subfield code='l'>NJPG</subfield></datafield><datafield ind1=' ' ind2=' ' tag='AVA'><subfield code='0'>9910550983506421</subfield><subfield code='8'>22601588380006421</subfield><subfield code='a'>01PRI_INST</subfield><subfield code='b'>rare</subfield><subfield code='c'>Remote Storage (ReCAP): Western Americana. Special Collections Use Only</subfield><subfield code='d'>N5310 .A322</subfield><subfield code='e'>available</subfield><subfield code='f'>1</subfield><subfield code='g'>0</subfield><subfield code='j'>xw</subfield><subfield code='k'>0</subfield><subfield code='p'>1</subfield><subfield code='q'>Special Collections</subfield></datafield></record>