
<record><leader>03839cam a2200565 i 4500</leader><controlfield tag='001'>99111729663506421</controlfield><controlfield tag='005'>20240711092804.0</controlfield><controlfield tag='008'>181010t20192019mdua     b    001 0 eng c</controlfield><datafield ind1=' ' ind2=' ' tag='010'><subfield code='a'>2018048493</subfield></datafield><datafield ind1=' ' ind2=' ' tag='020'><subfield code='a'>9781498587082</subfield><subfield code='q'>(hardcover ;</subfield><subfield code='q'>alkaline paper)</subfield></datafield><datafield ind1=' ' ind2=' ' tag='020'><subfield code='a'>1498587089</subfield><subfield code='q'>(hardcover ;</subfield><subfield code='q'>alkaline paper)</subfield></datafield><datafield ind1=' ' ind2=' ' tag='020'><subfield code='z'>9781498587099</subfield><subfield code='q'>(electronic book)</subfield></datafield><datafield ind1=' ' ind2=' ' tag='020'><subfield code='z'>1498587097</subfield><subfield code='q'>(electronic book)</subfield></datafield><datafield ind1='8' ind2=' ' tag='024'><subfield code='a'>40028784369</subfield></datafield><datafield ind1=' ' ind2=' ' tag='035'><subfield code='a'>(NjP)11172966-princetondb</subfield></datafield><datafield ind1=' ' ind2=' ' tag='035'><subfield code='z'>(NjP)Voyager11172966</subfield></datafield><datafield ind1=' ' ind2=' ' tag='035'><subfield code='a'>(OCoLC)on1049789460</subfield></datafield><datafield ind1=' ' ind2=' ' tag='040'><subfield code='a'>IEN/DLC</subfield><subfield code='b'>eng</subfield><subfield code='e'>rda</subfield><subfield code='c'>DLC</subfield><subfield code='d'>OCLCO</subfield><subfield code='d'>OCLCF</subfield><subfield code='d'>UKMGB</subfield><subfield code='d'>YDX</subfield><subfield code='d'>OCLCO</subfield><subfield code='d'>YUS</subfield></datafield><datafield ind1=' ' ind2=' ' tag='042'><subfield code='a'>pcc</subfield></datafield><datafield ind1=' ' ind2=' ' tag='043'><subfield code='a'>cl-----</subfield><subfield code='a'>cc-----</subfield></datafield><datafield ind1='0' ind2='0' tag='050'><subfield code='a'>F1419.N4</subfield><subfield code='b'>A398 2019</subfield></datafield><datafield ind1='0' ind2='4' tag='082'><subfield code='a'>305.89608</subfield><subfield code='2'>23</subfield></datafield><datafield ind1='0' ind2='0' tag='245'><subfield code='a'>Afro-Asian connections in Latin America and the Caribbean /</subfield><subfield code='c'>edited by Luisa Marcela Ossa and Debbie Lee-DiStefano.</subfield></datafield><datafield ind1=' ' ind2='1' tag='264'><subfield code='a'>Lanham, Maryland :</subfield><subfield code='b'>Lexington Books,</subfield><subfield code='c'>[2019]</subfield></datafield><datafield ind1=' ' ind2='4' tag='264'><subfield code='c'>©2019</subfield></datafield><datafield ind1=' ' ind2=' ' tag='300'><subfield code='a'>xv, 240 pages :</subfield><subfield code='b'>illustrations ;</subfield><subfield code='c'>24 cm.</subfield></datafield><datafield ind1=' ' ind2=' ' tag='336'><subfield code='a'>text</subfield><subfield code='b'>txt</subfield><subfield code='2'>rdacontent</subfield></datafield><datafield ind1=' ' ind2=' ' tag='337'><subfield code='a'>unmediated</subfield><subfield code='b'>n</subfield><subfield code='2'>rdamedia</subfield></datafield><datafield ind1=' ' ind2=' ' tag='338'><subfield code='a'>volume</subfield><subfield code='b'>nc</subfield><subfield code='2'>rdacarrier</subfield></datafield><datafield ind1='1' ind2=' ' tag='490'><subfield code='a'>Black diasporic worlds: origins and evolutions from New World slaving</subfield></datafield><datafield ind1=' ' ind2=' ' tag='504'><subfield code='a'>Includes bibliographical references and index.</subfield></datafield><datafield ind1='0' ind2='0' tag='505'><subfield code='t'>Introduction /</subfield><subfield code='r'>Lisa Yun --</subfield><subfield code='g'>Part I. Identity and national discourses --</subfield><subfield code='t'>Interlude /</subfield><subfield code='r'>Kathy López --</subfield><subfield code='t'>Afro and Chinese depictions in Peruvian social discourse at the turn of the 20th century /</subfield><subfield code='r'>Debbie Lee-DiStefano --</subfield><subfield code='t'>Locating Chinese culture and aesthetics in the art of Wifredo Lam /</subfield><subfield code='r'>Mey-Yen Moriuchi --</subfield><subfield code='t'>Through the prism of the Harlem Ashram: Afro-Asian-Caribbean connections in transnational circulation /</subfield><subfield code='r'>Malathi Iyengar --</subfield><subfield code='g'>Part II. Contact zones, solidarity and syncretism --</subfield><subfield code='t'>Interlude /</subfield><subfield code='r'>Kathy López --</subfield><subfield code='t'>Merging the Transpacific with the Transatlantic: Afro-Asia in Japanese Brazilian narratives /</subfield><subfield code='r'>Zelideth Rivas --</subfield><subfield code='t'>Parallels and intersections: literary depictions of the lives of Chinese and Africans in 19th century and early 20th century Cuba /</subfield><subfield code='r'>Luisa Marcela Ossa --</subfield><subfield code='t'>Erased from collective memory: Dreadlocks story documentary untangles the Hindu legacy of Rastafari /</subfield><subfield code='r'>Linda Aïnouche --</subfield><subfield code='g'>Part III. Bodies, genders, and identities --</subfield><subfield code='t'>Interlude /</subfield><subfield code='r'>Kathy López --</subfield><subfield code='t'>Body of reconciliation: Aida Petrinera Cheng&apos;s journey in Como un mensajero tuyo by Mayra Montero /</subfield><subfield code='r'>Dania Abreu-Torres --</subfield><subfield code='t'>&quot;I am like one of those women&quot;: effeminization of Chinese Caribbean men as feminist strategy in three contemporary Caribbean novels /</subfield><subfield code='r'>Anne-Marie Lee-Loy --</subfield><subfield code='t'>La Mulata Achinada: bodies, gender, and authority in Afro-Chinese religion in Cuba /</subfield><subfield code='r'>Martin Tsang.</subfield></datafield><datafield ind1=' ' ind2='0' tag='650'><subfield code='a'>Black people</subfield><subfield code='z'>Latin America.</subfield><subfield code='0'>http://id.loc.gov/authorities/subjects/sh2010002649</subfield></datafield><datafield ind1=' ' ind2='0' tag='650'><subfield code='a'>Black people</subfield><subfield code='z'>Caribbean Area.</subfield><subfield code='0'>http://id.loc.gov/authorities/subjects/sh2003006642</subfield></datafield><datafield ind1=' ' ind2='0' tag='650'><subfield code='a'>Asians</subfield><subfield code='z'>Latin America.</subfield></datafield><datafield ind1=' ' ind2='0' tag='650'><subfield code='a'>Asians</subfield><subfield code='z'>Caribbean Area.</subfield></datafield><datafield ind1=' ' ind2='7' tag='650'><subfield code='a'>Asians.</subfield><subfield code='2'>fast</subfield><subfield code='0'>(OCoLC)fst00818693</subfield></datafield><datafield ind1=' ' ind2='7' tag='650'><subfield code='a'>Black people.</subfield><subfield code='2'>fast</subfield><subfield code='0'>(OCoLC)fst00833880</subfield></datafield><datafield ind1=' ' ind2='7' tag='650'><subfield code='a'>Race relations.</subfield><subfield code='2'>fast</subfield><subfield code='0'>(OCoLC)fst01086509</subfield></datafield><datafield ind1=' ' ind2='0' tag='651'><subfield code='a'>Latin America</subfield><subfield code='x'>Race relations.</subfield><subfield code='0'>http://id.loc.gov/authorities/subjects/sh2008106678</subfield></datafield><datafield ind1=' ' ind2='0' tag='651'><subfield code='a'>Caribbean Area</subfield><subfield code='x'>Race relations.</subfield></datafield><datafield ind1=' ' ind2='7' tag='651'><subfield code='a'>Caribbean Area.</subfield><subfield code='2'>fast</subfield><subfield code='0'>(OCoLC)fst01244080</subfield></datafield><datafield ind1=' ' ind2='7' tag='651'><subfield code='a'>Latin America.</subfield><subfield code='2'>fast</subfield><subfield code='0'>(OCoLC)fst01245945</subfield></datafield><datafield ind1='1' ind2=' ' tag='700'><subfield code='a'>Ossa, Luisa Marcela,</subfield><subfield code='d'>1972-</subfield><subfield code='e'>editor,</subfield><subfield code='e'>author.</subfield><subfield code='0'>http://id.loc.gov/authorities/names/no2018136728</subfield></datafield><datafield ind1='1' ind2=' ' tag='700'><subfield code='a'>Lee-DiStefano, Debbie,</subfield><subfield code='e'>editor,</subfield><subfield code='e'>author.</subfield><subfield code='0'>http://id.loc.gov/authorities/names/n2008065261</subfield></datafield><datafield ind1=' ' ind2='0' tag='830'><subfield code='a'>Black diasporic worlds</subfield></datafield><datafield ind1='0' ind2=' ' tag='852'><subfield code='b'>f</subfield><subfield code='h'>F1419.N4</subfield><subfield code='i'>A398 2019</subfield></datafield><datafield ind1=' ' ind2=' ' tag='902'><subfield code='a'>kl</subfield><subfield code='b'>s</subfield><subfield code='6'>a</subfield><subfield code='7'>m</subfield><subfield code='d'>v</subfield><subfield code='f'>1</subfield><subfield code='e'>20190325</subfield></datafield><datafield ind1=' ' ind2=' ' tag='904'><subfield code='a'>kl</subfield><subfield code='b'>a</subfield><subfield code='h'>m</subfield><subfield code='c'>b</subfield><subfield code='e'>20190325</subfield></datafield><datafield ind1=' ' ind2=' ' tag='914'><subfield code='a'>(OCoLC)on1049789460</subfield><subfield code='b'>OCoLC</subfield><subfield code='c'>match</subfield><subfield code='d'>20240703</subfield><subfield code='e'>processed</subfield><subfield code='f'>1049789460</subfield></datafield><datafield ind1=' ' ind2=' ' tag='AVA'><subfield code='0'>99111729663506421</subfield><subfield code='8'>22506911680006421</subfield><subfield code='a'>01PRI_INST</subfield><subfield code='b'>firestone</subfield><subfield code='c'>Stacks</subfield><subfield code='d'>F1419.N4 A398 2019</subfield><subfield code='e'>available</subfield><subfield code='f'>1</subfield><subfield code='g'>0</subfield><subfield code='j'>stacks</subfield><subfield code='k'>0</subfield><subfield code='p'>1</subfield><subfield code='q'>Firestone Library</subfield></datafield></record>