
<record><leader>02911nam  2200433 i 4500</leader><controlfield tag='001'>99125465456206421</controlfield><controlfield tag='005'>20251117112833.0</controlfield><controlfield tag='006'>m     o  d |</controlfield><controlfield tag='007'>cr#cnu||||||||</controlfield><controlfield tag='008'>181230s2019    mdu     ob    001 0 eng d</controlfield><datafield ind1=' ' ind2=' ' tag='020'><subfield code='a'>1-4985-8709-7</subfield></datafield><datafield ind1=' ' ind2=' ' tag='035'><subfield code='a'>(CKB)4100000007187476</subfield></datafield><datafield ind1=' ' ind2=' ' tag='035'><subfield code='a'>(MiAaPQ)EBC5606424</subfield></datafield><datafield ind1=' ' ind2=' ' tag='035'><subfield code='a'>(Au-PeEL)EBL5606424</subfield></datafield><datafield ind1=' ' ind2=' ' tag='035'><subfield code='a'>(OCoLC)1078559081</subfield></datafield><datafield ind1=' ' ind2=' ' tag='035'><subfield code='a'>(EXLCZ)994100000007187476</subfield></datafield><datafield ind1=' ' ind2=' ' tag='040'><subfield code='a'>MiAaPQ</subfield><subfield code='b'>eng</subfield><subfield code='e'>rda</subfield><subfield code='e'>pn</subfield><subfield code='c'>MiAaPQ</subfield><subfield code='d'>MiAaPQ</subfield></datafield><datafield ind1=' ' ind2=' ' tag='043'><subfield code='a'>cl-----</subfield><subfield code='a'>cc-----</subfield></datafield><datafield ind1=' ' ind2='4' tag='050'><subfield code='a'>F1419.N4</subfield><subfield code='b'>.A376 2019</subfield></datafield><datafield ind1='0' ind2=' ' tag='082'><subfield code='a'>305.89608</subfield><subfield code='2'>23</subfield></datafield><datafield ind1='0' ind2='0' tag='245'><subfield code='a'>Afro-Asian connections in Latin America and the Caribbean /</subfield><subfield code='c'>edited by Luisa Marcela Ossa and Debbie Lee-DiStefano.</subfield></datafield><datafield ind1=' ' ind2=' ' tag='250'><subfield code='a'>1st ed.</subfield></datafield><datafield ind1=' ' ind2='1' tag='264'><subfield code='a'>Lanham :</subfield><subfield code='b'>Lexington Books,</subfield><subfield code='c'>[2019]</subfield></datafield><datafield ind1=' ' ind2='4' tag='264'><subfield code='c'>©2019</subfield></datafield><datafield ind1=' ' ind2=' ' tag='300'><subfield code='a'>1 online resource (240 pages).</subfield></datafield><datafield ind1=' ' ind2=' ' tag='336'><subfield code='a'>text</subfield><subfield code='b'>txt</subfield><subfield code='2'>rdacontent</subfield></datafield><datafield ind1=' ' ind2=' ' tag='337'><subfield code='a'>computer</subfield><subfield code='b'>c</subfield><subfield code='2'>rdamedia</subfield></datafield><datafield ind1=' ' ind2=' ' tag='338'><subfield code='a'>online resource</subfield><subfield code='b'>cr</subfield><subfield code='2'>rdacarrier</subfield></datafield><datafield ind1='1' ind2=' ' tag='490'><subfield code='a'>Black diasporic worlds: origins and evolutions from new world slaving</subfield></datafield><datafield ind1=' ' ind2=' ' tag='504'><subfield code='a'>Includes bibliographical references and index.</subfield></datafield><datafield ind1='0' ind2='0' tag='505'><subfield code='t'>Introduction /</subfield><subfield code='r'>Lisa Yun --</subfield><subfield code='g'>Part I. Identity and national discourses --</subfield><subfield code='t'>Interlude /</subfield><subfield code='r'>Kathy López --</subfield><subfield code='t'>Afro and Chinese depictions in Peruvian social discourse at the turn of the 20th century /</subfield><subfield code='r'>Debbie Lee-DiStefano --</subfield><subfield code='t'>Locating Chinese culture and aesthetics in the art of Wifredo Lam /</subfield><subfield code='r'>Mey-Yen Moriuchi --</subfield><subfield code='t'>Through the prism of the Harlem Ashram: Afro-Asian-Caribbean connections in transnational circulation /</subfield><subfield code='r'>Malathi Iyengar --</subfield><subfield code='g'>Part II. Contact zones, solidarity and syncretism --</subfield><subfield code='t'>Interlude /</subfield><subfield code='r'>Kathy López --</subfield><subfield code='t'>Merging the Transpacific with the Transatlantic: Afro-Asia in Japanese Brazilian narratives /</subfield><subfield code='r'>Zelideth Rivas --</subfield><subfield code='t'>Parallels and intersections: literary depictions of the lives of Chinese and Africans in 19th century and early 20th century Cuba /</subfield><subfield code='r'>Luisa Marcela Ossa --</subfield><subfield code='t'>Erased from collective memory: Dreadlocks story documentary untangles the Hindu legacy of Rastafari /</subfield><subfield code='r'>Linda Aïnouche --</subfield><subfield code='g'>Part III. Bodies, genders, and identities --</subfield><subfield code='t'>Interlude /</subfield><subfield code='r'>Kathy López --</subfield><subfield code='t'>Body of reconciliation: Aida Petrinera Cheng&apos;s journey in Como un mensajero tuyo by Mayra Montero /</subfield><subfield code='r'>Dania Abreu-Torres --</subfield><subfield code='t'>&quot;I am like one of those women&quot;: effeminization of Chinese Caribbean men as feminist strategy in three contemporary Caribbean novels /</subfield><subfield code='r'>Anne-Marie Lee-Loy --</subfield><subfield code='t'>La Mulata Achinada: bodies, gender, and authority in Afro-Chinese religion in Cuba /</subfield><subfield code='r'>Martin Tsang.</subfield></datafield><datafield ind1=' ' ind2=' ' tag='520'><subfield code='a'>Afro-Asian Connections in Latin America and the Caribbean explores the connections between people of Asian and African descent in Latin America and the Caribbean.Although their journeys started from different points of origin, spanning two separate oceans, their point of contact in this hemisphere brought them together under a hegemonic system.</subfield></datafield><datafield ind1=' ' ind2=' ' tag='588'><subfield code='a'>Description based on print version record.</subfield></datafield><datafield ind1=' ' ind2=' ' tag='588'><subfield code='a'>Description based on publisher supplied metadata and other sources.</subfield></datafield><datafield ind1=' ' ind2='0' tag='650'><subfield code='a'>Black people</subfield><subfield code='z'>Latin America.</subfield></datafield><datafield ind1=' ' ind2='0' tag='650'><subfield code='a'>Black people</subfield><subfield code='z'>Caribbean Area.</subfield></datafield><datafield ind1=' ' ind2='0' tag='650'><subfield code='a'>Asians</subfield><subfield code='z'>Latin America.</subfield></datafield><datafield ind1=' ' ind2='0' tag='650'><subfield code='a'>Asians</subfield><subfield code='z'>Caribbean Area.</subfield></datafield><datafield ind1=' ' ind2='0' tag='651'><subfield code='a'>Latin America</subfield><subfield code='x'>Race relations.</subfield></datafield><datafield ind1=' ' ind2='0' tag='651'><subfield code='a'>Caribbean Area</subfield><subfield code='x'>Race relations.</subfield></datafield><datafield ind1='1' ind2=' ' tag='700'><subfield code='a'>Lee-DiStefano, Debbie,</subfield><subfield code='e'>editor.</subfield></datafield><datafield ind1='1' ind2=' ' tag='700'><subfield code='a'>Ossa, Luisa Marcela,</subfield><subfield code='d'>1972-</subfield><subfield code='e'>editor.</subfield></datafield><datafield ind1='0' ind2='8' tag='776'><subfield code='z'>1-4985-8708-9</subfield></datafield><datafield ind1=' ' ind2='0' tag='830'><subfield code='a'>Black diasporic worlds.</subfield></datafield><datafield ind1=' ' ind2=' ' tag='906'><subfield code='a'>BOOK</subfield></datafield><datafield ind1=' ' ind2=' ' tag='AVE'><subfield code='8'>53919991410006421</subfield><subfield code='c'>61889859990006421</subfield><subfield code='e'>Available</subfield><subfield code='m'>Ebook Central Perpetual, DDA and Subscription Titles</subfield><subfield code='t'>Ebook Central</subfield><subfield code='a'>01PRI_INST</subfield><subfield code='0'>99125465456206421</subfield></datafield></record>