
<record><leader>01789cam a2200409   4500</leader><controlfield tag='001'>9922738873506421</controlfield><controlfield tag='005'>20260619194445.0</controlfield><controlfield tag='008'>730402s1971    ua            001 0 eng^^</controlfield><datafield ind1=' ' ind2=' ' tag='010'><subfield code='a'>72960338</subfield></datafield><datafield ind1=' ' ind2=' ' tag='019'><subfield code='a'>961222647</subfield></datafield><datafield ind1='1' ind2=' ' tag='029'><subfield code='a'>DEBBG</subfield><subfield code='b'>BV005476194</subfield></datafield><datafield ind1=' ' ind2=' ' tag='035'><subfield code='9'>CKK9246TS</subfield></datafield><datafield ind1=' ' ind2=' ' tag='035'><subfield code='a'>(NjP)2273887-princetondb</subfield></datafield><datafield ind1=' ' ind2=' ' tag='035'><subfield code='z'>(NjP)Voyager2273887</subfield></datafield><datafield ind1=' ' ind2=' ' tag='035'><subfield code='a'>(OCoLC)609709</subfield></datafield><datafield ind1=' ' ind2=' ' tag='035'><subfield code='a'>(OCoLC)609709</subfield></datafield><datafield ind1=' ' ind2=' ' tag='040'><subfield code='a'>DLC</subfield><subfield code='b'>eng</subfield><subfield code='c'>DLC</subfield><subfield code='d'>PUL</subfield></datafield><datafield ind1='0' ind2=' ' tag='050'><subfield code='a'>PN6101</subfield><subfield code='b'>.K5</subfield></datafield><datafield ind1=' ' ind2=' ' tag='082'><subfield code='a'>808.81/04</subfield></datafield><datafield ind1='1' ind2=' ' tag='100'><subfield code='a'>Kharrāṭ, Idwār,</subfield><subfield code='d'>1926-</subfield><subfield code='e'>comp.</subfield><subfield code='0'>http://id.loc.gov/authorities/names/n82270637</subfield></datafield><datafield ind1='1' ind2='0' tag='245'><subfield code='a'>Afro-Asian poetry;</subfield><subfield code='b'>an anthology,</subfield><subfield code='c'>selected by Edward el Kharrat [and] Nihad Salem.</subfield></datafield><datafield ind1=' ' ind2=' ' tag='260'><subfield code='a'>Cairo,</subfield><subfield code='b'>Permanent Bureau of Afro-Asian Writers,</subfield><subfield code='c'>1971.</subfield></datafield><datafield ind1=' ' ind2=' ' tag='300'><subfield code='a'>370 p.</subfield><subfield code='c'>19 cm.</subfield></datafield><datafield ind1='1' ind2=' ' tag='490'><subfield code='a'>Afro-Asian literature series,</subfield><subfield code='v'>1</subfield></datafield><datafield ind1=' ' ind2=' ' tag='500'><subfield code='a'>&quot;This anthology is selected by: Edward el Kharrat [and] Nihad Salem.&quot;</subfield></datafield><datafield ind1=' ' ind2='7' tag='648'><subfield code='a'>1900-1999</subfield><subfield code='2'>fast</subfield></datafield><datafield ind1=' ' ind2='0' tag='650'><subfield code='a'>Poetry, Modern</subfield><subfield code='y'>20th century.</subfield><subfield code='0'>http://id.loc.gov/authorities/subjects/sh85103727</subfield></datafield><datafield ind1=' ' ind2='6' tag='650'><subfield code='a'>Poésie</subfield><subfield code='y'>20e siècle.</subfield></datafield><datafield ind1=' ' ind2='7' tag='650'><subfield code='a'>Poetry, Modern.</subfield><subfield code='2'>fast</subfield><subfield code='0'>(OCoLC)fst01067769</subfield></datafield><datafield ind1='1' ind2=' ' tag='700'><subfield code='a'>Salem, Nehad,</subfield><subfield code='e'>joint comp.</subfield><subfield code='0'>http://id.loc.gov/authorities/names/nr89015134</subfield></datafield><datafield ind1='0' ind2=' ' tag='852'><subfield code='b'>f</subfield><subfield code='h'>PN6101</subfield><subfield code='i'>.K437 1971</subfield><subfield code='p'>2562927</subfield><subfield code='x'>reclassed from: 3009.115</subfield></datafield><datafield ind1=' ' ind2='0' tag='830'><subfield code='a'>Afro-Asian literature series ;</subfield><subfield code='v'>1.</subfield></datafield><datafield ind1=' ' ind2=' ' tag='911'><subfield code='a'>19990626</subfield></datafield><datafield ind1=' ' ind2=' ' tag='914'><subfield code='a'>(OCoLC)ocm00609709</subfield><subfield code='b'>OCoLC</subfield><subfield code='c'>match</subfield><subfield code='d'>20240703</subfield><subfield code='e'>processed</subfield><subfield code='f'>609709</subfield></datafield><datafield ind1=' ' ind2=' ' tag='916'><subfield code='a'>2026-03-12</subfield><subfield code='b'>(OCoLC)609709</subfield><subfield code='c'>New collection customer.1791.allpul</subfield><subfield code='d'>9922738873506421</subfield><subfield code='e'>WorldShare Record Update</subfield><subfield code='f'>processed</subfield></datafield><datafield ind1=' ' ind2=' ' tag='916'><subfield code='a'>2026-03-12</subfield><subfield code='b'>(OCoLC)609709</subfield><subfield code='c'>New collection customer.1791.allpul</subfield><subfield code='d'>9922738873506421</subfield><subfield code='e'>WorldShare Record Update</subfield><subfield code='f'>processed</subfield></datafield><datafield ind1=' ' ind2=' ' tag='945'><subfield code='a'>F</subfield><subfield code='b'>1</subfield><subfield code='c'>3009.115</subfield></datafield><datafield ind1=' ' ind2=' ' tag='AVA'><subfield code='0'>9922738873506421</subfield><subfield code='a'>01PRI_INST</subfield><subfield code='b'>RES_SHARE</subfield><subfield code='c'>Borrowing Resource Sharing Requests</subfield><subfield code='d'>PN6101 .K437 1971</subfield><subfield code='e'>unavailable</subfield><subfield code='f'>1</subfield><subfield code='g'>1</subfield><subfield code='j'>OUT_RS_REQ</subfield><subfield code='k'>0</subfield><subfield code='p'>1</subfield><subfield code='q'>Resource Sharing Library</subfield></datafield></record>