
<record><leader>01504cam a22003611  4500</leader><controlfield tag='001'>9922801403506421</controlfield><controlfield tag='005'>20240812121659.0</controlfield><controlfield tag='008'>820607s1973    ua     j      000 1 eng^^</controlfield><datafield ind1=' ' ind2=' ' tag='010'><subfield code='a'>74960026 /NE/r942</subfield></datafield><datafield ind1=' ' ind2=' ' tag='019'><subfield code='a'>1101708</subfield><subfield code='a'>1214838</subfield><subfield code='a'>1223953</subfield><subfield code='a'>1232042</subfield><subfield code='a'>1236376</subfield></datafield><datafield ind1=' ' ind2=' ' tag='035'><subfield code='9'>CKM3427TS</subfield></datafield><datafield ind1=' ' ind2=' ' tag='035'><subfield code='a'>(NjP)2280140-princetondb</subfield></datafield><datafield ind1=' ' ind2=' ' tag='035'><subfield code='z'>(OCoLC)1101708</subfield><subfield code='z'>(OCoLC)1214838</subfield><subfield code='z'>(OCoLC)1223953</subfield><subfield code='z'>(OCoLC)1232042</subfield><subfield code='z'>(OCoLC)1236376</subfield></datafield><datafield ind1=' ' ind2=' ' tag='035'><subfield code='a'>(OCoLC)ocm01049501</subfield></datafield><datafield ind1=' ' ind2=' ' tag='035'><subfield code='z'>(NjP)Voyager2280140</subfield></datafield><datafield ind1=' ' ind2=' ' tag='040'><subfield code='a'>DLC</subfield><subfield code='b'>eng</subfield><subfield code='c'>DLC</subfield><subfield code='d'>PUL</subfield></datafield><datafield ind1=' ' ind2=' ' tag='043'><subfield code='a'>f------</subfield></datafield><datafield ind1='0' ind2='0' tag='050'><subfield code='a'>PZ1</subfield><subfield code='b'>.A25</subfield><subfield code='a'>PN6014</subfield></datafield><datafield ind1='0' ind2='0' tag='082'><subfield code='a'>808.83/1</subfield></datafield><datafield ind1='0' ind2='0' tag='245'><subfield code='a'>Afro-Asian short stories;</subfield><subfield code='b'>an anthology.</subfield></datafield><datafield ind1=' ' ind2=' ' tag='260'><subfield code='a'>[Cairo,</subfield><subfield code='b'>Permanent Bureau of Afro-Asian Writers,</subfield><subfield code='c'>1973]</subfield></datafield><datafield ind1=' ' ind2=' ' tag='300'><subfield code='a'>2 v.</subfield><subfield code='c'>19 cm.</subfield></datafield><datafield ind1=' ' ind2='0' tag='440'><subfield code='a'>Afro-Asian literature series,</subfield><subfield code='v'>2-3</subfield></datafield><datafield ind1=' ' ind2='0' tag='650'><subfield code='a'>Short stories, African</subfield><subfield code='v'>Translations into English.</subfield></datafield><datafield ind1=' ' ind2='0' tag='650'><subfield code='a'>Short stories, Oriental</subfield><subfield code='v'>Translations into English.</subfield></datafield><datafield ind1=' ' ind2='0' tag='651'><subfield code='a'>Africa</subfield><subfield code='x'>Social life and customs</subfield><subfield code='v'>Fiction.</subfield><subfield code='0'>http://id.loc.gov/authorities/subjects/sh2008114134</subfield></datafield><datafield ind1=' ' ind2='0' tag='651'><subfield code='a'>Asia</subfield><subfield code='x'>Social life and customs</subfield><subfield code='v'>Fiction.</subfield></datafield><datafield ind1=' ' ind2='7' tag='655'><subfield code='a'>Fiction.</subfield><subfield code='2'>lcgft</subfield><subfield code='0'>http://id.loc.gov/authorities/genreForms/gf2014026339</subfield></datafield><datafield ind1='2' ind2=' ' tag='710'><subfield code='a'>Permanent Bureau of Afro-Asian Writers.</subfield><subfield code='0'>http://id.loc.gov/authorities/names/n50064539</subfield></datafield><datafield ind1='0' ind2=' ' tag='852'><subfield code='b'>f</subfield><subfield code='h'>PN6014</subfield><subfield code='i'>.A376 1973</subfield><subfield code='p'>2569666</subfield><subfield code='x'>reclassed from: 3009.1155</subfield></datafield><datafield ind1=' ' ind2=' ' tag='911'><subfield code='a'>19990626</subfield></datafield><datafield ind1=' ' ind2=' ' tag='914'><subfield code='a'>(OCoLC)ocm01049501</subfield><subfield code='b'>OCoLC</subfield><subfield code='c'>match</subfield><subfield code='d'>20221117</subfield><subfield code='e'>processed</subfield><subfield code='f'>1049501</subfield></datafield><datafield ind1=' ' ind2=' ' tag='945'><subfield code='a'>F</subfield><subfield code='b'>1</subfield><subfield code='c'>3009.1155</subfield><subfield code='e'>v.1-2</subfield></datafield><datafield ind1=' ' ind2=' ' tag='AVA'><subfield code='0'>9922801403506421</subfield><subfield code='8'>22676657410006421</subfield><subfield code='a'>01PRI_INST</subfield><subfield code='b'>recap</subfield><subfield code='c'>Remote Storage</subfield><subfield code='d'>PN6014 .A376 1973</subfield><subfield code='e'>available</subfield><subfield code='f'>2</subfield><subfield code='g'>0</subfield><subfield code='j'>pa</subfield><subfield code='k'>0</subfield><subfield code='p'>1</subfield><subfield code='q'>ReCAP</subfield><subfield code='t'>v.1-2</subfield></datafield></record>