
<record><leader>02457cam a22004694a 4500</leader><controlfield tag='001'>9943999943506421</controlfield><controlfield tag='005'>20240711064240.0</controlfield><controlfield tag='008'>050203s2004    mnua     bk  s001 0 eng^^</controlfield><datafield ind1=' ' ind2=' ' tag='010'><subfield code='a'>2004014985</subfield></datafield><datafield ind1=' ' ind2=' ' tag='015'><subfield code='a'>GBA466540</subfield><subfield code='2'>bnb</subfield></datafield><datafield ind1='7' ind2=' ' tag='016'><subfield code='a'>012991472</subfield><subfield code='2'>Uk</subfield></datafield><datafield ind1=' ' ind2=' ' tag='020'><subfield code='a'>0816637482 (hc : alk. paper)</subfield></datafield><datafield ind1=' ' ind2=' ' tag='020'><subfield code='a'>0816637490 (pb : alk. paper)</subfield></datafield><datafield ind1=' ' ind2=' ' tag='035'><subfield code='a'>(OrLoB)R3476902</subfield></datafield><datafield ind1=' ' ind2=' ' tag='035'><subfield code='a'>(NjP)4399994-princetondb</subfield></datafield><datafield ind1=' ' ind2=' ' tag='035'><subfield code='z'>(NjP)Voyager4399994</subfield></datafield><datafield ind1=' ' ind2=' ' tag='035'><subfield code='a'>(OCoLC)ocm55800794</subfield></datafield><datafield ind1=' ' ind2=' ' tag='040'><subfield code='a'>DLC</subfield><subfield code='b'>eng</subfield><subfield code='c'>DLC</subfield><subfield code='d'>YDX</subfield><subfield code='d'>UKM</subfield></datafield><datafield ind1=' ' ind2=' ' tag='042'><subfield code='a'>pcc</subfield></datafield><datafield ind1=' ' ind2=' ' tag='043'><subfield code='a'>n-us---</subfield></datafield><datafield ind1='0' ind2='0' tag='050'><subfield code='a'>E185.615</subfield><subfield code='b'>.M75 2004</subfield></datafield><datafield ind1='0' ind2='0' tag='082'><subfield code='a'>305.896/073</subfield><subfield code='2'>22</subfield></datafield><datafield ind1='1' ind2=' ' tag='100'><subfield code='a'>Mullen, Bill,</subfield><subfield code='d'>1959-</subfield><subfield code='0'>http://id.loc.gov/authorities/names/n95045773</subfield></datafield><datafield ind1='1' ind2='0' tag='245'><subfield code='a'>Afro-Orientalism /</subfield><subfield code='c'>Bill V. Mullen.</subfield></datafield><datafield ind1=' ' ind2=' ' tag='260'><subfield code='a'>Minneapolis :</subfield><subfield code='b'>University of Minnesota Press,</subfield><subfield code='c'>c2004.</subfield></datafield><datafield ind1=' ' ind2=' ' tag='300'><subfield code='a'>xliv, 240 p. :</subfield><subfield code='b'>ill. ;</subfield><subfield code='c'>23 cm.</subfield></datafield><datafield ind1=' ' ind2=' ' tag='504'><subfield code='a'>Includes bibliographical references (p. 207-227) and index.</subfield></datafield><datafield ind1=' ' ind2=' ' tag='504'><subfield code='a'>Discography: p. 205-206.</subfield></datafield><datafield ind1='0' ind2=' ' tag='505'><subfield code='a'>W.E.B. Du Bois&apos;s Afro-Asian fantasia -- The limits of being outside : Richard Wright&apos;s anticolonial turn -- Transnational correspondence : Robert F. Williams, Detroit, and the Bandung era -- &quot;Philosophy must be proletarian&quot; : the dialectical humanism of Grace Lee and James Boggs -- Making monkey signify : Fred Ho&apos;s revolutionary vision quest.</subfield></datafield><datafield ind1=' ' ind2='0' tag='650'><subfield code='a'>African Americans</subfield><subfield code='x'>Relations with Asian Americans.</subfield><subfield code='0'>http://id.loc.gov/authorities/subjects/sh2001001325</subfield></datafield><datafield ind1=' ' ind2='0' tag='650'><subfield code='a'>African Americans</subfield><subfield code='x'>Intellectual life</subfield><subfield code='y'>20th century.</subfield><subfield code='0'>http://id.loc.gov/authorities/subjects/sh2007100205</subfield></datafield><datafield ind1=' ' ind2='0' tag='650'><subfield code='a'>Asian Americans</subfield><subfield code='x'>Intellectual life</subfield><subfield code='y'>20th century.</subfield></datafield><datafield ind1=' ' ind2='0' tag='650'><subfield code='a'>American literature</subfield><subfield code='y'>20th century</subfield><subfield code='x'>History and criticism.</subfield><subfield code='0'>http://id.loc.gov/authorities/subjects/sh2007101049</subfield></datafield><datafield ind1=' ' ind2='0' tag='650'><subfield code='a'>American literature</subfield><subfield code='x'>African American authors.</subfield><subfield code='0'>http://id.loc.gov/authorities/subjects/sh85004342</subfield></datafield><datafield ind1=' ' ind2='0' tag='650'><subfield code='a'>Race relations in literature.</subfield><subfield code='0'>http://id.loc.gov/authorities/subjects/sh94008444</subfield></datafield><datafield ind1=' ' ind2='0' tag='650'><subfield code='a'>Racism in literature.</subfield><subfield code='0'>http://id.loc.gov/authorities/subjects/sh94008446</subfield></datafield><datafield ind1=' ' ind2='0' tag='650'><subfield code='a'>Imperialism in literature.</subfield><subfield code='0'>http://id.loc.gov/authorities/subjects/sh94004979</subfield></datafield><datafield ind1=' ' ind2='0' tag='651'><subfield code='a'>United States</subfield><subfield code='x'>Race relations.</subfield><subfield code='0'>http://id.loc.gov/authorities/subjects/sh85140494</subfield></datafield><datafield ind1=' ' ind2=' ' tag='902'><subfield code='a'>df</subfield><subfield code='b'>l</subfield><subfield code='6'>a</subfield><subfield code='7'>m</subfield><subfield code='d'>v</subfield><subfield code='f'>1</subfield><subfield code='e'>20050215</subfield></datafield><datafield ind1=' ' ind2=' ' tag='904'><subfield code='a'>sad</subfield><subfield code='b'>a</subfield><subfield code='h'>m</subfield><subfield code='c'>b</subfield><subfield code='e'>20050214</subfield></datafield><datafield ind1=' ' ind2=' ' tag='914'><subfield code='a'>(OCoLC)ocm55800794</subfield><subfield code='b'>OCoLC</subfield><subfield code='c'>match</subfield><subfield code='d'>20240710</subfield><subfield code='e'>processed</subfield><subfield code='f'>55800794</subfield></datafield><datafield ind1=' ' ind2=' ' tag='999'><subfield code='a'>4399994</subfield></datafield><datafield ind1=' ' ind2=' ' tag='AVA'><subfield code='0'>9943999943506421</subfield><subfield code='8'>22687414840006421</subfield><subfield code='a'>01PRI_INST</subfield><subfield code='b'>firestone</subfield><subfield code='c'>Stacks</subfield><subfield code='d'>E185.615 .M75 2004</subfield><subfield code='e'>available</subfield><subfield code='f'>1</subfield><subfield code='g'>0</subfield><subfield code='j'>stacks</subfield><subfield code='k'>0</subfield><subfield code='p'>1</subfield><subfield code='q'>Firestone Library</subfield></datafield></record>