
<record><leader>03490cam a2200661Ma 4500</leader><controlfield tag='001'>9992744313506421</controlfield><controlfield tag='005'>20201006175323.0</controlfield><controlfield tag='006'>m     o  d</controlfield><controlfield tag='007'>cr mn |||||a|a</controlfield><controlfield tag='008'>130927s2004    mnu     o     000 0 eng d</controlfield><datafield ind1=' ' ind2=' ' tag='020'><subfield code='a'>1299914020 (electronic bk.)</subfield></datafield><datafield ind1=' ' ind2=' ' tag='020'><subfield code='a'>1452935351 (electronic bk.)</subfield></datafield><datafield ind1=' ' ind2=' ' tag='020'><subfield code='a'>9781299914025 (electronic bk.)</subfield></datafield><datafield ind1=' ' ind2=' ' tag='020'><subfield code='a'>9781452935355 (electronic bk.)</subfield></datafield><datafield ind1=' ' ind2=' ' tag='035'><subfield code='9'>(JSTORDDA)858975157</subfield></datafield><datafield ind1=' ' ind2=' ' tag='035'><subfield code='a'>(OCoLC)858975157</subfield></datafield><datafield ind1=' ' ind2=' ' tag='035'><subfield code='a'>(OCoLC)ocn858975157</subfield></datafield><datafield ind1=' ' ind2=' ' tag='035'><subfield code='a'>(NjP)9274431-princetondb</subfield></datafield><datafield ind1=' ' ind2=' ' tag='035'><subfield code='z'>(NjP)Voyager9274431</subfield></datafield><datafield ind1=' ' ind2=' ' tag='037'><subfield code='a'>22573/cttbmt5c</subfield><subfield code='b'>JSTOR</subfield></datafield><datafield ind1=' ' ind2=' ' tag='037'><subfield code='a'>522653</subfield><subfield code='b'>MIL</subfield></datafield><datafield ind1=' ' ind2=' ' tag='040'><subfield code='a'>IDEBK</subfield><subfield code='b'>eng</subfield><subfield code='e'>pn</subfield><subfield code='c'>IDEBK</subfield><subfield code='d'>OCLCQ</subfield><subfield code='d'>JSTOR</subfield><subfield code='d'>OCLCO</subfield><subfield code='d'>OCLCF</subfield><subfield code='d'>P@U</subfield><subfield code='d'>YDXCP</subfield></datafield><datafield ind1=' ' ind2='4' tag='050'><subfield code='a'>E185.615</subfield><subfield code='b'>.M75 2004</subfield></datafield><datafield ind1='0' ind2='4' tag='082'><subfield code='a'>305.896/073</subfield><subfield code='2'>22</subfield></datafield><datafield ind1=' ' ind2=' ' tag='090'><subfield code='a'>Electronic Resource</subfield></datafield><datafield ind1='1' ind2=' ' tag='100'><subfield code='a'>Mullen, Bill,</subfield><subfield code='d'>1959-</subfield><subfield code='0'>http://id.loc.gov/authorities/names/n95045773</subfield></datafield><datafield ind1='1' ind2='0' tag='245'><subfield code='a'>Afro Orientalism</subfield><subfield code='h'>[electronic resource].</subfield></datafield><datafield ind1=' ' ind2=' ' tag='260'><subfield code='a'>Minneapolis :</subfield><subfield code='b'>University of Minnesota Press,</subfield><subfield code='c'>c2004.</subfield></datafield><datafield ind1=' ' ind2=' ' tag='300'><subfield code='a'>1 online resource.</subfield></datafield><datafield ind1=' ' ind2=' ' tag='336'><subfield code='a'>text</subfield><subfield code='b'>txt</subfield><subfield code='2'>rdacontent</subfield></datafield><datafield ind1=' ' ind2=' ' tag='337'><subfield code='a'>computer</subfield><subfield code='b'>c</subfield><subfield code='2'>rdamedia</subfield></datafield><datafield ind1=' ' ind2=' ' tag='338'><subfield code='a'>online resource</subfield><subfield code='b'>cr</subfield><subfield code='2'>rdacarrier</subfield></datafield><datafield ind1='0' ind2='0' tag='505'><subfield code='t'>W.E.B. Du Bois&apos;s Afro-Asian fantasia --</subfield><subfield code='t'>The limits of being outside : Richard Wright&apos;s anticolonial turn --</subfield><subfield code='t'>Transnational correspondence : Robert F. Williams, Detroit, and the Bandung era --</subfield><subfield code='t'>&quot;Philosophy must be proletarian&quot; : the dialectical humanism of Grace Lee and James Boggs --</subfield><subfield code='t'>Making monkey signify : Fred Ho&apos;s revolutionary vision quest.</subfield></datafield><datafield ind1=' ' ind2=' ' tag='588'><subfield code='a'>Description based on print version record.</subfield></datafield><datafield ind1=' ' ind2=' ' tag='599'><subfield code='a'>Princeton permanent acquisition.</subfield></datafield><datafield ind1=' ' ind2='7' tag='648'><subfield code='a'>1900 - 1999</subfield><subfield code='2'>fast</subfield></datafield><datafield ind1=' ' ind2='0' tag='650'><subfield code='a'>African Americans</subfield><subfield code='x'>Intellectual life</subfield><subfield code='y'>20th century.</subfield><subfield code='0'>http://id.loc.gov/authorities/subjects/sh2007100205</subfield></datafield><datafield ind1=' ' ind2='0' tag='650'><subfield code='a'>African Americans</subfield><subfield code='x'>Relations with Asian Americans.</subfield><subfield code='0'>http://id.loc.gov/authorities/subjects/sh2001001325</subfield></datafield><datafield ind1=' ' ind2='0' tag='650'><subfield code='a'>American literature</subfield><subfield code='x'>African American authors.</subfield><subfield code='0'>http://id.loc.gov/authorities/subjects/sh85004342</subfield></datafield><datafield ind1=' ' ind2='0' tag='650'><subfield code='a'>American literature</subfield><subfield code='y'>20th century</subfield><subfield code='x'>History and criticism.</subfield><subfield code='0'>http://id.loc.gov/authorities/subjects/sh2007101049</subfield></datafield><datafield ind1=' ' ind2='0' tag='650'><subfield code='a'>Asian Americans</subfield><subfield code='x'>Intellectual life</subfield><subfield code='y'>20th century.</subfield></datafield><datafield ind1=' ' ind2='0' tag='650'><subfield code='a'>Imperialism in literature.</subfield><subfield code='0'>http://id.loc.gov/authorities/subjects/sh94004979</subfield></datafield><datafield ind1=' ' ind2='0' tag='650'><subfield code='a'>Race relations in literature.</subfield><subfield code='0'>http://id.loc.gov/authorities/subjects/sh94008444</subfield></datafield><datafield ind1=' ' ind2='0' tag='650'><subfield code='a'>Racism in literature.</subfield><subfield code='0'>http://id.loc.gov/authorities/subjects/sh94008446</subfield></datafield><datafield ind1=' ' ind2='7' tag='650'><subfield code='a'>African Americans</subfield><subfield code='x'>Intellectual life.</subfield><subfield code='2'>fast</subfield><subfield code='0'>(OCoLC)fst00799627</subfield></datafield><datafield ind1=' ' ind2='7' tag='650'><subfield code='a'>African Americans</subfield><subfield code='x'>Relations with Asian Americans.</subfield><subfield code='2'>fast</subfield><subfield code='0'>(OCoLC)fst00799671</subfield></datafield><datafield ind1=' ' ind2='7' tag='650'><subfield code='a'>American literature</subfield><subfield code='x'>African American authors.</subfield><subfield code='2'>fast</subfield><subfield code='0'>(OCoLC)fst00807114</subfield></datafield><datafield ind1=' ' ind2='7' tag='650'><subfield code='a'>American literature.</subfield><subfield code='2'>fast</subfield><subfield code='0'>(OCoLC)fst00807113</subfield></datafield><datafield ind1=' ' ind2='7' tag='650'><subfield code='a'>Asian Americans</subfield><subfield code='x'>Intellectual life.</subfield><subfield code='2'>fast</subfield><subfield code='0'>(OCoLC)fst00818648</subfield></datafield><datafield ind1=' ' ind2='7' tag='650'><subfield code='a'>Imperialism in literature.</subfield><subfield code='2'>fast</subfield><subfield code='0'>(OCoLC)fst00968142</subfield></datafield><datafield ind1=' ' ind2='7' tag='650'><subfield code='a'>Race relations in literature.</subfield><subfield code='2'>fast</subfield><subfield code='0'>(OCoLC)fst01086563</subfield></datafield><datafield ind1=' ' ind2='7' tag='650'><subfield code='a'>Race relations.</subfield><subfield code='2'>fast</subfield><subfield code='0'>(OCoLC)fst01086509</subfield></datafield><datafield ind1=' ' ind2='7' tag='650'><subfield code='a'>Racism in literature.</subfield><subfield code='2'>fast</subfield><subfield code='0'>(OCoLC)fst01086655</subfield></datafield><datafield ind1=' ' ind2='0' tag='651'><subfield code='a'>United States</subfield><subfield code='x'>Race relations.</subfield><subfield code='0'>http://id.loc.gov/authorities/subjects/sh85140494</subfield></datafield><datafield ind1=' ' ind2='7' tag='651'><subfield code='a'>United States.</subfield><subfield code='2'>fast</subfield><subfield code='0'>(OCoLC)fst01204155</subfield></datafield><datafield ind1=' ' ind2='7' tag='655'><subfield code='a'>Criticism, interpretation, etc.</subfield><subfield code='2'>fast</subfield><subfield code='0'>(OCoLC)fst01411635</subfield></datafield><datafield ind1='0' ind2='8' tag='776'><subfield code='i'>Print version:</subfield><subfield code='z'>9781299914025</subfield></datafield><datafield ind1=' ' ind2=' ' tag='910'><subfield code='a'>JSTOR DDA purchased</subfield></datafield><datafield ind1=' ' ind2=' ' tag='AVE'><subfield code='8'>53876816510006421</subfield><subfield code='c'>61918544800006421</subfield><subfield code='e'>Available</subfield><subfield code='l'>online</subfield><subfield code='m'>JSTOR DDA</subfield><subfield code='a'>01PRI_INST</subfield><subfield code='0'>9992744313506421</subfield></datafield></record>