
<record><leader>03576cam a2200505 i 4500</leader><controlfield tag='001'>99118457753506421</controlfield><controlfield tag='005'>20230125115537.0</controlfield><controlfield tag='008'>190620s2020    nyu      b    001 0 eng^^</controlfield><datafield ind1=' ' ind2=' ' tag='010'><subfield code='a'>2019026037</subfield></datafield><datafield ind1=' ' ind2=' ' tag='020'><subfield code='a'>9781501342585</subfield><subfield code='q'>hardcover</subfield></datafield><datafield ind1=' ' ind2=' ' tag='020'><subfield code='a'>1501342584</subfield><subfield code='q'>hardcover</subfield></datafield><datafield ind1=' ' ind2=' ' tag='020'><subfield code='z'>9781501342592</subfield><subfield code='q'>electronic publication</subfield></datafield><datafield ind1=' ' ind2=' ' tag='020'><subfield code='z'>9781501342608</subfield><subfield code='q'>electronic book</subfield></datafield><datafield ind1=' ' ind2=' ' tag='035'><subfield code='9'>(YDXIT)16143449</subfield></datafield><datafield ind1=' ' ind2=' ' tag='035'><subfield code='a'>(NjP)11845775-princetondb</subfield></datafield><datafield ind1=' ' ind2=' ' tag='035'><subfield code='a'>(OCoLC)on1091846117</subfield></datafield><datafield ind1=' ' ind2=' ' tag='035'><subfield code='z'>(NjP)Voyager11845775</subfield></datafield><datafield ind1=' ' ind2=' ' tag='040'><subfield code='a'>IEN/DLC</subfield><subfield code='b'>eng</subfield><subfield code='e'>rda</subfield><subfield code='c'>DLC</subfield><subfield code='d'>OCLCO</subfield><subfield code='d'>OCLCF</subfield><subfield code='d'>UKMGB</subfield><subfield code='d'>YDX</subfield></datafield><datafield ind1=' ' ind2=' ' tag='042'><subfield code='a'>pcc</subfield></datafield><datafield ind1='0' ind2='0' tag='050'><subfield code='a'>PR9340</subfield><subfield code='b'>.A686 2020</subfield></datafield><datafield ind1='0' ind2='4' tag='082'><subfield code='a'>820.996</subfield><subfield code='2'>23</subfield></datafield><datafield ind1='0' ind2='0' tag='245'><subfield code='a'>Afropolitan literature as world literature /</subfield><subfield code='c'>edited by James Hodapp.</subfield></datafield><datafield ind1=' ' ind2='1' tag='264'><subfield code='a'>New York, NY :</subfield><subfield code='b'>Bloomsbury Academic,</subfield><subfield code='c'>2020.</subfield></datafield><datafield ind1=' ' ind2=' ' tag='300'><subfield code='a'>viii, 233 pages ;</subfield><subfield code='c'>24 cm.</subfield></datafield><datafield ind1=' ' ind2=' ' tag='336'><subfield code='a'>text</subfield><subfield code='b'>txt</subfield><subfield code='2'>rdacontent</subfield></datafield><datafield ind1=' ' ind2=' ' tag='337'><subfield code='a'>unmediated</subfield><subfield code='b'>n</subfield><subfield code='2'>rdamedia</subfield></datafield><datafield ind1=' ' ind2=' ' tag='338'><subfield code='a'>volume</subfield><subfield code='b'>nc</subfield><subfield code='2'>rdacarrier</subfield></datafield><datafield ind1='1' ind2=' ' tag='490'><subfield code='a'>Literatures as world literature</subfield></datafield><datafield ind1=' ' ind2=' ' tag='504'><subfield code='a'>Includes bibliographical references and index.</subfield></datafield><datafield ind1='0' ind2=' ' tag='505'><subfield code='a'>Introduction: Africa and the Rest / James Hodapp -- The Worlds of Afropolitan World Literature: Modeling Intra-African Afropolitanism in Yvonne Adhiambo Owuour&apos;s Dust / Birgit Neumann -- Strategic Label: Afropolitan Literature in Germany / Anna von Rath -- Afropolitanism and the Afro-Asian Diaspora in M. G. Vassanji&apos;s And Home Was Kariakoo / Shilpa Daithota Bhat -- &quot;White Man&apos;s Magic&quot;: A. Igoni Barrett&apos;s Blackass, Afropolitanism, and (Post)Racial Anxieties / Julie Iromuanya -- Toward an Environmental Theory of Afropolitan Literature / Juan Meneses -- How Afropolitanism Unworlds the African World / Amatoritsero Ede -- Afropolitan Aesthetics as an Ethics of Openness / Chielozona Eze -- Fingering the Jagged Grain: Rereading Afropolitanism (and Africa) in Taiye Selasi&apos;s Ghana Must Go / Aretha Phiri -- &quot;Part Returnee and Part-Tourist&quot;: The Afropolitan Travelogue in Noo Saro-Wiwa&apos;s Looking for Transwonderland: Travels in Nigeria / Rocio Cobo-Piñero -- &quot;Something covered but not hidden&quot;: Obscurity in Teju Cole&apos;s Oeuvre as an Afropolitan Way of Worlding / Julian Wacker -- The Hesitant Local: The Global Citizens of Open City and Americanah / Lara El Makkawi.</subfield></datafield><datafield ind1=' ' ind2=' ' tag='520'><subfield code='a'>&quot;Explores the disparate creative works that are characterized as &quot;Afropolitan literature,&quot; contextualizing them within the fundamental questions of world literature, such as translation, circulation, and cultural specificity while also examining Afropolitan ideology itself as a new African way of seeing and being.&quot;--</subfield><subfield code='c'>Provided by publisher.</subfield></datafield><datafield ind1=' ' ind2='0' tag='650'><subfield code='a'>African literature (English)</subfield><subfield code='x'>History and criticism.</subfield><subfield code='0'>http://id.loc.gov/authorities/subjects/sh2007100761</subfield></datafield><datafield ind1=' ' ind2='0' tag='650'><subfield code='a'>Comparative literature.</subfield><subfield code='0'>http://id.loc.gov/authorities/subjects/sh85077534</subfield></datafield><datafield ind1=' ' ind2='7' tag='650'><subfield code='a'>African literature (English)</subfield><subfield code='2'>fast</subfield><subfield code='0'>(OCoLC)fst00799849</subfield></datafield><datafield ind1=' ' ind2='7' tag='650'><subfield code='a'>Comparative literature.</subfield><subfield code='2'>fast</subfield><subfield code='0'>(OCoLC)fst01734553</subfield></datafield><datafield ind1=' ' ind2='7' tag='655'><subfield code='a'>Criticism, interpretation, etc.</subfield><subfield code='2'>fast</subfield><subfield code='0'>(OCoLC)fst01411635</subfield></datafield><datafield ind1='1' ind2=' ' tag='700'><subfield code='a'>Hodapp, James,</subfield><subfield code='e'>editor.</subfield><subfield code='0'>http://id.loc.gov/authorities/names/no2019091127</subfield></datafield><datafield ind1='0' ind2='8' tag='776'><subfield code='i'>Online version:</subfield><subfield code='t'>Afropolitan literature as world literature</subfield><subfield code='d'>New York : Bloomsbury Academic, 2020.</subfield><subfield code='z'>9781501342592</subfield><subfield code='w'>(DLC)  2019026038</subfield></datafield><datafield ind1=' ' ind2='0' tag='830'><subfield code='a'>Literatures as world literature</subfield></datafield><datafield ind1=' ' ind2=' ' tag='904'><subfield code='a'>pad</subfield><subfield code='b'>o</subfield><subfield code='h'>m</subfield><subfield code='c'>b</subfield><subfield code='e'>20200306</subfield></datafield><datafield ind1=' ' ind2=' ' tag='910'><subfield code='c'>D0601mon</subfield></datafield><datafield ind1=' ' ind2=' ' tag='914'><subfield code='a'>(OCoLC)on1091846117</subfield><subfield code='b'>OCoLC</subfield><subfield code='c'>match</subfield><subfield code='d'>20230125</subfield><subfield code='e'>processed</subfield><subfield code='f'>1091846117</subfield></datafield><datafield ind1=' ' ind2=' ' tag='980'><subfield code='i'>120.00</subfield><subfield code='j'>98.40</subfield><subfield code='n'>40029812138</subfield></datafield><datafield ind1=' ' ind2=' ' tag='982'><subfield code='b'>FY20</subfield><subfield code='n'>2020</subfield><subfield code='q'>32101108218148</subfield></datafield><datafield ind1=' ' ind2=' ' tag='986'><subfield code='h'>PR9340</subfield><subfield code='i'>.A686 2020</subfield></datafield><datafield ind1=' ' ind2=' ' tag='AVA'><subfield code='0'>99118457753506421</subfield><subfield code='8'>22687406240006421</subfield><subfield code='a'>01PRI_INST</subfield><subfield code='b'>firestone</subfield><subfield code='c'>Stacks</subfield><subfield code='d'>PR9340 .A686 2020</subfield><subfield code='e'>available</subfield><subfield code='f'>1</subfield><subfield code='g'>0</subfield><subfield code='j'>stacks</subfield><subfield code='k'>0</subfield><subfield code='p'>1</subfield><subfield code='q'>Firestone Library</subfield></datafield></record>