
<record><leader>02072cam a2200469   4500</leader><controlfield tag='001'>9916990183506421</controlfield><controlfield tag='005'>20260623070336.0</controlfield><controlfield tag='008'>740204s1972    enka     c    000 0 eng^^</controlfield><datafield ind1=' ' ind2=' ' tag='010'><subfield code='a'>74153167</subfield></datafield><datafield ind1=' ' ind2=' ' tag='019'><subfield code='a'>213575602</subfield></datafield><datafield ind1='1' ind2=' ' tag='029'><subfield code='a'>AU@</subfield><subfield code='b'>000000314903</subfield></datafield><datafield ind1='1' ind2=' ' tag='029'><subfield code='a'>NZ1</subfield><subfield code='b'>11905390</subfield></datafield><datafield ind1=' ' ind2=' ' tag='035'><subfield code='9'>CFM3827TS</subfield></datafield><datafield ind1=' ' ind2=' ' tag='035'><subfield code='a'>(NjP)1699018-princetondb</subfield></datafield><datafield ind1=' ' ind2=' ' tag='035'><subfield code='z'>(NjP)Voyager1699018</subfield></datafield><datafield ind1=' ' ind2=' ' tag='035'><subfield code='a'>(OCoLC)822012</subfield></datafield><datafield ind1=' ' ind2=' ' tag='035'><subfield code='a'>(OCoLC)822012</subfield></datafield><datafield ind1=' ' ind2=' ' tag='040'><subfield code='a'>DLC</subfield><subfield code='b'>eng</subfield><subfield code='c'>DLC</subfield><subfield code='d'>PUL</subfield></datafield><datafield ind1=' ' ind2=' ' tag='043'><subfield code='a'>e-uk---</subfield></datafield><datafield ind1='0' ind2=' ' tag='050'><subfield code='a'>N6767</subfield><subfield code='b'>.G73</subfield></datafield><datafield ind1=' ' ind2=' ' tag='082'><subfield code='a'>759.2</subfield></datafield><datafield ind1='1' ind2=' ' tag='100'><subfield code='a'>Green, Richard,</subfield><subfield code='c'>M.A.</subfield><subfield code='0'>http://id.loc.gov/authorities/names/n85059111</subfield></datafield><datafield ind1='1' ind2='0' tag='245'><subfield code='a'>Albert Moore and his contemporaries</subfield><subfield code='c'>[by Richard Green.</subfield></datafield><datafield ind1=' ' ind2=' ' tag='260'><subfield code='a'>Newcastle-upon-Tyne,</subfield><subfield code='b'>Laing Art Gallery,</subfield><subfield code='c'>1972]</subfield></datafield><datafield ind1=' ' ind2=' ' tag='300'><subfield code='a'>44 p.</subfield><subfield code='b'>illus.</subfield><subfield code='c'>24 cm.</subfield></datafield><datafield ind1=' ' ind2=' ' tag='500'><subfield code='a'>At head of title: Newcastle Festival 1972.</subfield></datafield><datafield ind1=' ' ind2=' ' tag='500'><subfield code='a'>Catalog of exhibition held Laing Art Gallery, Newcastle Upon Tyne, 23 September-22 October 1972.</subfield></datafield><datafield ind1='1' ind2='0' tag='600'><subfield code='a'>Moore, Albert Joseph,</subfield><subfield code='d'>1841-1893.</subfield><subfield code='0'>http://id.loc.gov/authorities/names/nr93002544</subfield></datafield><datafield ind1='1' ind2='7' tag='600'><subfield code='a'>Moore, Albert Joseph,</subfield><subfield code='d'>1841-1893</subfield><subfield code='2'>fast</subfield><subfield code='1'>https://id.oclc.org/worldcat/entity/E39PBJvMBykJpwHPbFrrGrV3cP</subfield></datafield><datafield ind1=' ' ind2='0' tag='650'><subfield code='a'>Art, Victorian</subfield><subfield code='v'>Exhibitions.</subfield></datafield><datafield ind1=' ' ind2='0' tag='650'><subfield code='a'>Art, Victorian</subfield><subfield code='z'>Great Britain.</subfield></datafield><datafield ind1=' ' ind2='6' tag='650'><subfield code='a'>Art victorien</subfield><subfield code='v'>Expositions.</subfield></datafield><datafield ind1=' ' ind2='6' tag='650'><subfield code='a'>Art victorien</subfield><subfield code='z'>Grande-Bretagne.</subfield></datafield><datafield ind1=' ' ind2='7' tag='650'><subfield code='a'>Art, Victorian</subfield><subfield code='2'>fast</subfield></datafield><datafield ind1=' ' ind2='7' tag='651'><subfield code='a'>Great Britain</subfield><subfield code='2'>fast</subfield><subfield code='1'>https://id.oclc.org/worldcat/entity/E39PBJdmp7p3cx8hpmJ8HvmTpP</subfield></datafield><datafield ind1='1' ind2=' ' tag='700'><subfield code='a'>Moore, Albert Joseph,</subfield><subfield code='d'>1841-1893.</subfield><subfield code='0'>http://id.loc.gov/authorities/names/nr93002544</subfield></datafield><datafield ind1='2' ind2=' ' tag='710'><subfield code='a'>Laing Art Gallery.</subfield><subfield code='0'>http://id.loc.gov/authorities/names/n50077897</subfield></datafield><datafield ind1=' ' ind2=' ' tag='911'><subfield code='a'>19981222</subfield></datafield><datafield ind1=' ' ind2=' ' tag='914'><subfield code='a'>(OCoLC)ocm00822012</subfield><subfield code='b'>OCoLC</subfield><subfield code='c'>match</subfield><subfield code='d'>20240501</subfield><subfield code='e'>processed</subfield><subfield code='f'>822012</subfield></datafield><datafield ind1=' ' ind2=' ' tag='916'><subfield code='a'>2026-03-12</subfield><subfield code='b'>(OCoLC)822012</subfield><subfield code='c'>New collection customer.1791.allpul</subfield><subfield code='d'>9916990183506421</subfield><subfield code='e'>WorldShare Record Update</subfield><subfield code='f'>processed</subfield></datafield><datafield ind1=' ' ind2=' ' tag='916'><subfield code='a'>2026-03-12</subfield><subfield code='b'>(OCoLC)822012</subfield><subfield code='c'>New collection customer.1791.allpul</subfield><subfield code='d'>9916990183506421</subfield><subfield code='e'>WorldShare Record Update</subfield><subfield code='f'>processed</subfield></datafield><datafield ind1=' ' ind2=' ' tag='947'><subfield code='a'>CFM3827</subfield></datafield><datafield ind1=' ' ind2=' ' tag='AVA'><subfield code='0'>9916990183506421</subfield><subfield code='8'>22597655570006421</subfield><subfield code='a'>01PRI_INST</subfield><subfield code='b'>marquand</subfield><subfield code='c'>Remote Storage (ReCAP): Marquand Library Use Only</subfield><subfield code='d'>ND497.M7 G73</subfield><subfield code='e'>available</subfield><subfield code='f'>1</subfield><subfield code='g'>0</subfield><subfield code='j'>pj</subfield><subfield code='k'>0</subfield><subfield code='p'>1</subfield><subfield code='q'>Marquand Library</subfield></datafield></record>