
<record><leader>01234cam a2200289 a 4500</leader><controlfield tag='001'>9977303733506421</controlfield><controlfield tag='005'>20240502071917.0</controlfield><controlfield tag='008'>130802s2012    it a     b    001 0dita d</controlfield><datafield ind1=' ' ind2=' ' tag='010'><subfield code='a'>2013393290</subfield></datafield><datafield ind1=' ' ind2=' ' tag='020'><subfield code='a'>9788836625765 :</subfield><subfield code='c'>29.00 EUR</subfield></datafield><datafield ind1=' ' ind2=' ' tag='035'><subfield code='a'>(ItFiC)it 13100467</subfield></datafield><datafield ind1=' ' ind2=' ' tag='035'><subfield code='a'>(NjP)7730373-princetondb</subfield></datafield><datafield ind1=' ' ind2=' ' tag='035'><subfield code='z'>(NjP)Voyager7730373</subfield></datafield><datafield ind1=' ' ind2=' ' tag='035'><subfield code='a'>(OCoLC)ocn829686459</subfield></datafield><datafield ind1=' ' ind2=' ' tag='040'><subfield code='a'>ItFiC</subfield><subfield code='b'>eng</subfield><subfield code='c'>ItFiC</subfield></datafield><datafield ind1='0' ind2='0' tag='050'><subfield code='a'>ND497.M7</subfield><subfield code='b'>V55 2012</subfield></datafield><datafield ind1='1' ind2=' ' tag='100'><subfield code='a'>Villari, Anna,</subfield><subfield code='d'>1970-</subfield><subfield code='0'>http://id.loc.gov/authorities/names/no2013088039</subfield></datafield><datafield ind1='1' ind2='0' tag='245'><subfield code='a'>Albert Moore :</subfield><subfield code='b'>l&apos;Aesthetic movement e il mito della bellezza nell&apos;Inghilterra vittoriana /</subfield><subfield code='c'>Anna Villari.</subfield></datafield><datafield ind1=' ' ind2=' ' tag='260'><subfield code='a'>Cinisello Balsamo, Milano :</subfield><subfield code='b'>Silvana,</subfield><subfield code='c'>c2012.</subfield></datafield><datafield ind1=' ' ind2=' ' tag='300'><subfield code='a'>189 p. :</subfield><subfield code='b'>ill. (some col.) ;</subfield><subfield code='c'>25 cm.</subfield></datafield><datafield ind1=' ' ind2=' ' tag='504'><subfield code='a'>Includes bibliographical references (p. 182-187) and index.</subfield></datafield><datafield ind1='1' ind2='0' tag='600'><subfield code='a'>Moore, Albert Joseph,</subfield><subfield code='d'>1841-1893</subfield><subfield code='x'>Criticism and interpretation.</subfield></datafield><datafield ind1=' ' ind2='0' tag='650'><subfield code='a'>Aesthetic movement (Art)</subfield><subfield code='0'>http://id.loc.gov/authorities/subjects/sh85001438</subfield></datafield><datafield ind1=' ' ind2=' ' tag='902'><subfield code='a'>bwl</subfield><subfield code='b'>s</subfield><subfield code='6'>a</subfield><subfield code='7'>m</subfield><subfield code='d'>v</subfield><subfield code='f'>1</subfield><subfield code='e'>20131010</subfield></datafield><datafield ind1=' ' ind2=' ' tag='904'><subfield code='a'>bwl</subfield><subfield code='b'>a</subfield><subfield code='h'>m</subfield><subfield code='c'>b</subfield><subfield code='e'>20131010</subfield></datafield><datafield ind1=' ' ind2=' ' tag='914'><subfield code='a'>(OCoLC)ocn829686459</subfield><subfield code='b'>OCoLC</subfield><subfield code='c'>match</subfield><subfield code='d'>20240501</subfield><subfield code='e'>processed</subfield><subfield code='f'>829686459</subfield></datafield><datafield ind1='4' ind2='2' tag='956'><subfield code='u'>http://www.ilibri.casalini.it/toc/13100467.pdf</subfield><subfield code='3'>TOC</subfield></datafield><datafield ind1=' ' ind2=' ' tag='AVA'><subfield code='0'>9977303733506421</subfield><subfield code='8'>22714200290006421</subfield><subfield code='a'>01PRI_INST</subfield><subfield code='b'>marquand</subfield><subfield code='c'>Stacks: Marquand Use Only</subfield><subfield code='d'>ND497.M7 V55 2012</subfield><subfield code='e'>available</subfield><subfield code='f'>1</subfield><subfield code='g'>0</subfield><subfield code='j'>stacks</subfield><subfield code='k'>0</subfield><subfield code='p'>1</subfield><subfield code='q'>Marquand Library</subfield></datafield></record>