
<record><leader>02721cam a2200697 a 4500</leader><controlfield tag='001'>9932358303506421</controlfield><controlfield tag='005'>20260622170201.0</controlfield><controlfield tag='008'>000207s2000    enka     b    001 0beng d</controlfield><datafield ind1=' ' ind2=' ' tag='010'><subfield code='a'>00421386</subfield></datafield><datafield ind1=' ' ind2=' ' tag='015'><subfield code='a'>GBA0Z2914</subfield><subfield code='2'>bnb</subfield></datafield><datafield ind1=' ' ind2=' ' tag='019'><subfield code='a'>966056649</subfield><subfield code='a'>1008303171</subfield></datafield><datafield ind1=' ' ind2=' ' tag='020'><subfield code='a'>0714838462</subfield></datafield><datafield ind1=' ' ind2=' ' tag='020'><subfield code='a'>9780714838465</subfield></datafield><datafield ind1=' ' ind2=' ' tag='020'><subfield code='a'>9780714843926</subfield></datafield><datafield ind1=' ' ind2=' ' tag='020'><subfield code='a'>071484392X</subfield></datafield><datafield ind1='1' ind2=' ' tag='029'><subfield code='a'>AU@</subfield><subfield code='b'>000021324429</subfield></datafield><datafield ind1='1' ind2=' ' tag='029'><subfield code='a'>AU@</subfield><subfield code='b'>000022163777</subfield></datafield><datafield ind1='1' ind2=' ' tag='029'><subfield code='a'>DEBBG</subfield><subfield code='b'>BV025511594</subfield></datafield><datafield ind1='1' ind2=' ' tag='029'><subfield code='a'>NLGGC</subfield><subfield code='b'>207195250</subfield></datafield><datafield ind1='1' ind2=' ' tag='029'><subfield code='a'>NZ1</subfield><subfield code='b'>5510543</subfield></datafield><datafield ind1='1' ind2=' ' tag='029'><subfield code='a'>YDXCP</subfield><subfield code='b'>100196440</subfield></datafield><datafield ind1='1' ind2=' ' tag='029'><subfield code='a'>ZWZ</subfield><subfield code='b'>053602064</subfield></datafield><datafield ind1='1' ind2=' ' tag='029'><subfield code='a'>AU@</subfield><subfield code='b'>000071391663</subfield></datafield><datafield ind1=' ' ind2=' ' tag='035'><subfield code='a'>(CStRLIN)DCLC00421386-B</subfield></datafield><datafield ind1=' ' ind2=' ' tag='035'><subfield code='a'>(CtY)notisFNB2783</subfield></datafield><datafield ind1=' ' ind2=' ' tag='035'><subfield code='a'>(CStRLIN)CTYAFNB2783-B</subfield></datafield><datafield ind1=' ' ind2=' ' tag='035'><subfield code='a'>(NjP)3235830-princetondb</subfield></datafield><datafield ind1=' ' ind2=' ' tag='035'><subfield code='z'>(NjP)Voyager3235830</subfield></datafield><datafield ind1=' ' ind2=' ' tag='035'><subfield code='a'>(OCoLC)43457442</subfield></datafield><datafield ind1=' ' ind2=' ' tag='040'><subfield code='a'>UKM</subfield><subfield code='b'>eng</subfield><subfield code='c'>UKM</subfield><subfield code='d'>ORU</subfield><subfield code='d'>DLC</subfield></datafield><datafield ind1=' ' ind2=' ' tag='042'><subfield code='a'>lccopycat</subfield></datafield><datafield ind1=' ' ind2=' ' tag='043'><subfield code='a'>e-uk-en</subfield></datafield><datafield ind1='0' ind2='0' tag='050'><subfield code='a'>ND497.M7</subfield><subfield code='b'>A95 2000</subfield></datafield><datafield ind1='0' ind2='0' tag='082'><subfield code='a'>759.2</subfield><subfield code='2'>21</subfield></datafield><datafield ind1='1' ind2=' ' tag='100'><subfield code='a'>Asleson, Robyn,</subfield><subfield code='d'>1961-</subfield><subfield code='0'>http://id.loc.gov/authorities/names/n85077834</subfield></datafield><datafield ind1='1' ind2='0' tag='245'><subfield code='a'>Albert Moore /</subfield><subfield code='c'>Robyn Asleson.</subfield></datafield><datafield ind1=' ' ind2=' ' tag='260'><subfield code='a'>London :</subfield><subfield code='b'>Phaidon Press,</subfield><subfield code='c'>2000.</subfield></datafield><datafield ind1=' ' ind2=' ' tag='300'><subfield code='a'>240 p. :</subfield><subfield code='b'>ill. (some col.) ;</subfield><subfield code='c'>30 cm.</subfield></datafield><datafield ind1=' ' ind2=' ' tag='504'><subfield code='a'>Includes bibliographical references (p. 231-232) and indexes.</subfield></datafield><datafield ind1='1' ind2='0' tag='600'><subfield code='a'>Moore, Albert Joseph,</subfield><subfield code='d'>1841-1893.</subfield><subfield code='0'>http://id.loc.gov/authorities/names/nr93002544</subfield></datafield><datafield ind1='1' ind2='7' tag='600'><subfield code='a'>Moore, Albert Joseph,</subfield><subfield code='d'>1841-1893</subfield><subfield code='2'>fast</subfield><subfield code='0'>(OCoLC)fst00315710</subfield><subfield code='1'>https://id.oclc.org/worldcat/entity/E39PBJvMBykJpwHPbFrrGrV3cP</subfield></datafield><datafield ind1='1' ind2='7' tag='600'><subfield code='a'>Moore, Albert Joseph</subfield><subfield code='d'>1841-1893</subfield><subfield code='2'>gnd</subfield><subfield code='0'>http://d-nb.info/gnd/121865355</subfield></datafield><datafield ind1='1' ind2='7' tag='600'><subfield code='a'>Moore, Albert,</subfield><subfield code='d'>(1841-1893)</subfield><subfield code='2'>ram</subfield></datafield><datafield ind1=' ' ind2='7' tag='648'><subfield code='a'>Geschichte 1860-1893.</subfield><subfield code='2'>swd</subfield></datafield><datafield ind1=' ' ind2='0' tag='650'><subfield code='a'>Painters</subfield><subfield code='z'>England</subfield><subfield code='v'>Biography.</subfield></datafield><datafield ind1=' ' ind2='0' tag='650'><subfield code='a'>Classicism in art.</subfield><subfield code='0'>http://id.loc.gov/authorities/subjects/sh85026716</subfield></datafield><datafield ind1=' ' ind2='6' tag='650'><subfield code='a'>Peintres</subfield><subfield code='z'>Angleterre</subfield><subfield code='v'>Biographies.</subfield></datafield><datafield ind1=' ' ind2='6' tag='650'><subfield code='a'>Classicisme dans l&apos;art.</subfield></datafield><datafield ind1=' ' ind2='7' tag='650'><subfield code='a'>Classicism in art.</subfield><subfield code='2'>fast</subfield><subfield code='0'>(OCoLC)fst00863562</subfield></datafield><datafield ind1=' ' ind2='7' tag='650'><subfield code='a'>Painters.</subfield><subfield code='2'>fast</subfield><subfield code='0'>(OCoLC)fst01050530</subfield></datafield><datafield ind1=' ' ind2='7' tag='650'><subfield code='a'>Malerei</subfield><subfield code='2'>gnd</subfield></datafield><datafield ind1='1' ind2='7' tag='650'><subfield code='a'>Schilderijen.</subfield><subfield code='2'>gtt</subfield></datafield><datafield ind1='1' ind2='7' tag='650'><subfield code='a'>Tekeningen.</subfield><subfield code='2'>gtt</subfield></datafield><datafield ind1=' ' ind2='7' tag='651'><subfield code='a'>England.</subfield><subfield code='2'>fast</subfield><subfield code='0'>(OCoLC)fst01219920</subfield><subfield code='1'>https://id.oclc.org/worldcat/entity/E39PBJpYDdYvBpjXV6WpybK68C</subfield></datafield><datafield ind1=' ' ind2='7' tag='651'><subfield code='a'>Großbritannien</subfield><subfield code='2'>gnd</subfield></datafield><datafield ind1='1' ind2=' ' tag='700'><subfield code='a'>Moore, Albert Joseph,</subfield><subfield code='d'>1841-1893.</subfield><subfield code='0'>http://id.loc.gov/authorities/names/nr93002544</subfield></datafield><datafield ind1=' ' ind2=' ' tag='902'><subfield code='a'>hms</subfield><subfield code='c'>b</subfield><subfield code='d'>v</subfield><subfield code='f'>1</subfield><subfield code='s'>m</subfield><subfield code='b'>l</subfield><subfield code='e'>20010530</subfield></datafield><datafield ind1=' ' ind2=' ' tag='904'><subfield code='a'>dld</subfield><subfield code='b'>a</subfield><subfield code='h'>m</subfield><subfield code='c'>b</subfield><subfield code='e'>20001005</subfield></datafield><datafield ind1=' ' ind2=' ' tag='914'><subfield code='a'>(OCoLC)ocm43457442</subfield><subfield code='b'>OCoLC</subfield><subfield code='c'>match</subfield><subfield code='d'>20240501</subfield><subfield code='e'>processed</subfield><subfield code='f'>43457442</subfield></datafield><datafield ind1=' ' ind2=' ' tag='916'><subfield code='a'>2026-03-12</subfield><subfield code='b'>(OCoLC)43457442</subfield><subfield code='c'>New collection customer.1791.allpul</subfield><subfield code='d'>9932358303506421</subfield><subfield code='e'>WorldShare Record Update</subfield><subfield code='f'>processed</subfield></datafield><datafield ind1=' ' ind2=' ' tag='998'><subfield code='s'>9110</subfield></datafield><datafield ind1=' ' ind2=' ' tag='AVA'><subfield code='0'>9932358303506421</subfield><subfield code='8'>22718444510006421</subfield><subfield code='a'>01PRI_INST</subfield><subfield code='b'>marquand</subfield><subfield code='c'>Stacks: Marquand Use Only</subfield><subfield code='d'>Oversize ND497.M7 A843 2000q</subfield><subfield code='e'>available</subfield><subfield code='f'>1</subfield><subfield code='g'>0</subfield><subfield code='j'>stacks</subfield><subfield code='k'>0</subfield><subfield code='p'>1</subfield><subfield code='q'>Marquand Library</subfield></datafield></record>