
<record><leader>03493nam a22005531i 4500</leader><controlfield tag='001'>99125429881706421</controlfield><controlfield tag='005'>20190626093806.0</controlfield><controlfield tag='006'>m        d</controlfield><controlfield tag='007'>cr cnu||||||||</controlfield><controlfield tag='008'>190708s2018    enk     ob    001 0 eng d</controlfield><datafield ind1=' ' ind2=' ' tag='020'><subfield code='a'>9781350985285</subfield></datafield><datafield ind1=' ' ind2=' ' tag='020'><subfield code='a'>1350985287</subfield></datafield><datafield ind1=' ' ind2=' ' tag='020'><subfield code='a'>9781786723932</subfield></datafield><datafield ind1=' ' ind2=' ' tag='020'><subfield code='a'>178672393X</subfield></datafield><datafield ind1=' ' ind2=' ' tag='020'><subfield code='a'>9781786733931</subfield></datafield><datafield ind1=' ' ind2=' ' tag='020'><subfield code='a'>1786733935</subfield></datafield><datafield ind1='7' ind2=' ' tag='024'><subfield code='a'>10.5040/9781350985285</subfield><subfield code='2'>doi</subfield></datafield><datafield ind1=' ' ind2=' ' tag='035'><subfield code='a'>(CKB)4340000000267376</subfield></datafield><datafield ind1=' ' ind2=' ' tag='035'><subfield code='a'>(MiAaPQ)EBC5372223</subfield></datafield><datafield ind1=' ' ind2=' ' tag='035'><subfield code='a'>(OCoLC)1114400634</subfield></datafield><datafield ind1=' ' ind2=' ' tag='035'><subfield code='a'>(UtOrBLW)bpp09263462</subfield></datafield><datafield ind1=' ' ind2=' ' tag='035'><subfield code='a'>(UtOrBLW)BP9781350985285BC</subfield></datafield><datafield ind1=' ' ind2=' ' tag='035'><subfield code='a'>(Perlego)916495</subfield></datafield><datafield ind1=' ' ind2=' ' tag='035'><subfield code='a'>(EXLCZ)994340000000267376</subfield></datafield><datafield ind1=' ' ind2=' ' tag='040'><subfield code='a'>UtOrBLW</subfield><subfield code='b'>eng</subfield><subfield code='e'>rda</subfield><subfield code='c'>UtOrBLW</subfield></datafield><datafield ind1=' ' ind2=' ' tag='043'><subfield code='a'>a-tu---</subfield><subfield code='a'>n-us---</subfield></datafield><datafield ind1=' ' ind2='4' tag='050'><subfield code='a'>E183.8.T9</subfield><subfield code='b'>E75 2018</subfield></datafield><datafield ind1='0' ind2=' ' tag='082'><subfield code='a'>327.561073</subfield><subfield code='2'>23</subfield></datafield><datafield ind1='1' ind2=' ' tag='100'><subfield code='a'>Erken, Ali,</subfield><subfield code='d'>1983-</subfield><subfield code='e'>author.</subfield></datafield><datafield ind1='1' ind2='0' tag='245'><subfield code='a'>America and the making of modern Turkey :</subfield><subfield code='b'>science, culture and political alliances /</subfield><subfield code='c'>Ali Erken.</subfield></datafield><datafield ind1=' ' ind2=' ' tag='250'><subfield code='a'>First edition.</subfield></datafield><datafield ind1=' ' ind2='1' tag='264'><subfield code='a'>London ;</subfield><subfield code='a'>New York :</subfield><subfield code='b'>Bloomsbury Publishing,</subfield><subfield code='c'>2018.</subfield></datafield><datafield ind1=' ' ind2=' ' tag='300'><subfield code='a'>1 online resource (viii, 226 pages).</subfield></datafield><datafield ind1=' ' ind2=' ' tag='336'><subfield code='a'>text</subfield><subfield code='b'>txt</subfield><subfield code='2'>rdacontent</subfield></datafield><datafield ind1=' ' ind2=' ' tag='337'><subfield code='a'>computer</subfield><subfield code='b'>c</subfield><subfield code='2'>rdamedia</subfield></datafield><datafield ind1=' ' ind2=' ' tag='338'><subfield code='a'>online resource</subfield><subfield code='b'>cr</subfield><subfield code='2'>rdacarrier</subfield></datafield><datafield ind1='1' ind2=' ' tag='490'><subfield code='a'>Library of modern Turkey ;</subfield><subfield code='v'>34</subfield></datafield><datafield ind1=' ' ind2=' ' tag='500'><subfield code='a'>Compliant with Level AA of the Web Content Accessibility Guidelines. Content is displayed as HTML full text which can easily be resized or read with assistive technology, with mark-up that allows screen readers and keyboard-only users to navigate easily.</subfield></datafield><datafield ind1=' ' ind2=' ' tag='504'><subfield code='a'>Includes bibliographical references and index.</subfield></datafield><datafield ind1=' ' ind2=' ' tag='520'><subfield code='a'>&quot;After the fall of the Ottoman Empire, Mustafa Kemal Ataturk&apos;s government encouraged substantial American investment in education and aid. It was argued that Turkey needed the technical skills and wealth offered by American education, and so a series of American schools was set up across the country to educate the Turkish youth. Here, Ali Erken, in the first study of its kind, argues that these organizations had a huge impact on political and economic thought in Turkey - acting as a form of &apos;soft power&apos; for US national interests throughout the 20th Century. Robert College, originally a missionary school founded by US benefactors, has been responsible for educating two Turkish Prime Ministers, writers such as Orhan Pamuk and a huge number of influential economists, politicians and journalists. The end result of these American philanthropic efforts, Erken argues, was a consensus in the 1970s that the country must &apos;westernize&apos;. This mindset, and the opposition viewpoint it engendered, has come to define political struggle in modern Turkey - torn between a capitalist &apos;modern&apos; West and an Islamic &apos;Ottoman&apos; East. The book also reveals how and why the Rockefeller and Ford foundations funneled large amounts of money into Turkey post-1945, and undertook activities in support of &apos;Western&apos; candidates in Turkey as a bulwark against the Soviet Union. This is an essential contribution to the history of US-Turkish relations, and the influence of the West in Turkish political thought.&quot;--Bloomsbury Publishing.</subfield></datafield><datafield ind1=' ' ind2=' ' tag='530'><subfield code='a'>Also issued in print.</subfield></datafield><datafield ind1=' ' ind2='7' tag='650'><subfield code='2'>Middle Eastern history</subfield></datafield><datafield ind1=' ' ind2='0' tag='651'><subfield code='a'>Turkey</subfield><subfield code='x'>Foreign relations</subfield><subfield code='z'>United States.</subfield></datafield><datafield ind1=' ' ind2='0' tag='651'><subfield code='a'>Turkey</subfield><subfield code='x'>History.</subfield></datafield><datafield ind1=' ' ind2='0' tag='651'><subfield code='a'>United States</subfield><subfield code='x'>Foreign relations</subfield><subfield code='z'>Turkey.</subfield></datafield><datafield ind1='0' ind2='8' tag='776'><subfield code='z'>9781838604684</subfield></datafield><datafield ind1='0' ind2='8' tag='776'><subfield code='z'>1838604685</subfield></datafield><datafield ind1='0' ind2='8' tag='776'><subfield code='z'>9781788311700</subfield></datafield><datafield ind1='0' ind2='8' tag='776'><subfield code='z'>1788311701</subfield></datafield><datafield ind1=' ' ind2='0' tag='830'><subfield code='a'>Library of modern Turkey ;</subfield><subfield code='v'>34.</subfield></datafield><datafield ind1=' ' ind2=' ' tag='906'><subfield code='a'>BOOK</subfield></datafield><datafield ind1=' ' ind2=' ' tag='AVE'><subfield code='8'>53910442940006421</subfield><subfield code='c'>61889859990006421</subfield><subfield code='e'>Available</subfield><subfield code='m'>Ebook Central Perpetual, DDA and Subscription Titles</subfield><subfield code='t'>Ebook Central</subfield><subfield code='a'>01PRI_INST</subfield><subfield code='0'>99125429881706421</subfield></datafield></record>