
<record><leader>01430nam  2200337 i 4500</leader><controlfield tag='001'>99125465211106421</controlfield><controlfield tag='005'>20200520144314.0</controlfield><controlfield tag='006'>m     o  d |</controlfield><controlfield tag='007'>cr#|||||||||||</controlfield><controlfield tag='008'>180604s2018    ctu     o     000 0 eng d</controlfield><datafield ind1=' ' ind2=' ' tag='020'><subfield code='a'>0-300-23520-8</subfield></datafield><datafield ind1='7' ind2=' ' tag='024'><subfield code='a'>10.12987/9780300235203</subfield><subfield code='2'>doi</subfield></datafield><datafield ind1=' ' ind2=' ' tag='035'><subfield code='a'>(CKB)4100000004837201</subfield></datafield><datafield ind1=' ' ind2=' ' tag='035'><subfield code='a'>(StDuBDS)EDZ0001921674</subfield></datafield><datafield ind1=' ' ind2=' ' tag='035'><subfield code='a'>(MiAaPQ)EBC5387920</subfield></datafield><datafield ind1=' ' ind2=' ' tag='035'><subfield code='a'>(DE-B1597)536068</subfield></datafield><datafield ind1=' ' ind2=' ' tag='035'><subfield code='a'>(OCoLC)1035556249</subfield></datafield><datafield ind1=' ' ind2=' ' tag='035'><subfield code='a'>(DE-B1597)9780300235203</subfield></datafield><datafield ind1=' ' ind2=' ' tag='035'><subfield code='a'>(EXLCZ)994100000004837201</subfield></datafield><datafield ind1=' ' ind2=' ' tag='040'><subfield code='a'>MiAaPQ</subfield><subfield code='b'>eng</subfield><subfield code='e'>rda</subfield><subfield code='e'>pn</subfield><subfield code='c'>MiAaPQ</subfield><subfield code='d'>MiAaPQ</subfield></datafield><datafield ind1='0' ind2=' ' tag='041'><subfield code='a'>eng</subfield></datafield><datafield ind1=' ' ind2=' ' tag='043'><subfield code='a'>n-us---</subfield></datafield><datafield ind1=' ' ind2=' ' tag='044'><subfield code='a'>ctu</subfield><subfield code='c'>US-CT</subfield></datafield><datafield ind1=' ' ind2='4' tag='050'><subfield code='a'>S521</subfield><subfield code='b'>.B874 2018</subfield></datafield><datafield ind1=' ' ind2='7' tag='072'><subfield code='a'>HIS036020</subfield><subfield code='2'>bisacsh</subfield></datafield><datafield ind1='0' ind2=' ' tag='082'><subfield code='a'>630.1173</subfield><subfield code='2'>23</subfield></datafield><datafield ind1='1' ind2=' ' tag='100'><subfield code='a'>Bushman, Richard Lyman,</subfield><subfield code='e'>author.</subfield></datafield><datafield ind1='1' ind2='4' tag='245'><subfield code='a'>The American farmer in the eighteenth century :</subfield><subfield code='b'>a social and cultural history /</subfield><subfield code='c'>Richard Lyman Bushman.</subfield></datafield><datafield ind1=' ' ind2='1' tag='264'><subfield code='a'>New Haven ;</subfield><subfield code='a'>London :</subfield><subfield code='b'>Yale University Press,</subfield><subfield code='c'>[2018]</subfield></datafield><datafield ind1=' ' ind2='4' tag='264'><subfield code='c'>2018</subfield></datafield><datafield ind1=' ' ind2=' ' tag='300'><subfield code='a'>1 online resource :</subfield><subfield code='b'>illustration (black and white), maps (black and white)</subfield></datafield><datafield ind1=' ' ind2=' ' tag='336'><subfield code='a'>text</subfield><subfield code='2'>rdacontent</subfield></datafield><datafield ind1=' ' ind2=' ' tag='336'><subfield code='a'>still image</subfield><subfield code='2'>rdacontent</subfield></datafield><datafield ind1=' ' ind2=' ' tag='336'><subfield code='a'>cartographic image</subfield><subfield code='2'>rdacontent</subfield></datafield><datafield ind1=' ' ind2=' ' tag='337'><subfield code='a'>computer</subfield><subfield code='2'>rdamedia</subfield></datafield><datafield ind1=' ' ind2=' ' tag='338'><subfield code='a'>online resource</subfield><subfield code='2'>rdacarrier</subfield></datafield><datafield ind1=' ' ind2=' ' tag='500'><subfield code='a'>Previously issued in print: 2018.</subfield></datafield><datafield ind1=' ' ind2=' ' tag='504'><subfield code='a'>Includes bibliographical references and index.</subfield></datafield><datafield ind1=' ' ind2=' ' tag='521'><subfield code='a'>Specialized.</subfield></datafield><datafield ind1=' ' ind2=' ' tag='520'><subfield code='a'>An illuminating study of America&apos;s agricultural society during the Colonial, Revolutionary, and Founding eras In the eighteenth century, three-quarters of Americans made their living from farms. This authoritative history explores the lives, cultures, and societies of America&apos;s farmers from colonial times through the founding of the nation. Noted historian Richard Bushman explains how all farmers sought to provision themselves while still actively engaged in trade, making both subsistence and commerce vital to farm economies of all sizes. The book describes the tragic effects on the native population of farmers&apos; efforts to provide farms for their children and examines how climate created the divide between the free North and the slave South. Bushman also traces midcentury rural violence back to the century&apos;s population explosion. An engaging work of historical scholarship, the book draws on a wealth of diaries, letters, and other writings-including the farm papers of Thomas Jefferson and George Washington-to open a window on the men, women, and children who worked the land in early America.</subfield></datafield><datafield ind1='0' ind2=' ' tag='588'><subfield code='a'>Description based on online resource; title from PDF title page (publisher&apos;s Web site, viewed 22. Okt 2019)</subfield></datafield><datafield ind1=' ' ind2=' ' tag='546'><subfield code='a'>In English.</subfield></datafield><datafield ind1='0' ind2='0' tag='505'><subfield code='t'>Front matter --</subfield><subfield code='t'>Contents --</subfield><subfield code='t'>Preface --</subfield><subfield code='t'>Part One. farm thought --</subfield><subfield code='t'>1. The Farm Idea. The Life Plans of Family Farmers --</subfield><subfield code='t'>2. A Note on Sources. How Documents Think --</subfield><subfield code='t'>Part Two. North America, 1600-1800 --</subfield><subfield code='t'>3. The Nature of the South. The Creation of Sectional Systems --</subfield><subfield code='t'>4. Generation of Violence. A Population Explosion Ignites Conflict --</subfield><subfield code='t'>Part Three. Connecticut, 1640-1760 --</subfield><subfield code='t'>5. Uncas and Joshua. The Acquisition of Connecticut --</subfield><subfield code='t'>6. Sons and Daughters. Provision for the Young --</subfield><subfield code='t'>7. Farmers&apos; Markets. How the Exchange Economy Formed Society --</subfield><subfield code='t'>Part Four. Pennsylvania, 1760-76 --</subfield><subfield code='t'>8. Crèvecoeur&apos;s Pennsylvania. Farming in the Middle Colonies --</subfield><subfield code='t'>9. Revolution. Why Farmers Fought --</subfield><subfield code='t'>10. Family Mobility. The Lincolns of Massachusetts, New Jersey, Pennsylvania, Virginia, Kentucky, Indiana, and Illinois --</subfield><subfield code='t'>Part Five. Virginia, 1776-1800 --</subfield><subfield code='t'>11. Founding Farmers. The Contradictions of the Planter Class --</subfield><subfield code='t'>12. Jefferson&apos;s Neighbors. Economy, Society, and Politics in Post-Revolutionary Virginia --</subfield><subfield code='t'>13. Learning Slavery. How Slaves Learned to Be Slaves and Whites to Become Masters --</subfield><subfield code='t'>Part Six. Approaching the Present --</subfield><subfield code='t'>14. American Agriculture, 1800-1862 --</subfield><subfield code='t'>Notes --</subfield><subfield code='t'>Index</subfield></datafield><datafield ind1=' ' ind2=' ' tag='588'><subfield code='a'>Description based on print version record.</subfield></datafield><datafield ind1=' ' ind2='0' tag='650'><subfield code='a'>Farm life</subfield><subfield code='z'>United States</subfield><subfield code='x'>History.</subfield></datafield><datafield ind1='0' ind2=' ' tag='776'><subfield code='z'>0-300-22673-X</subfield></datafield><datafield ind1=' ' ind2=' ' tag='906'><subfield code='a'>BOOK</subfield></datafield><datafield ind1=' ' ind2=' ' tag='AVE'><subfield code='8'>53919987190006421</subfield><subfield code='c'>61889859990006421</subfield><subfield code='e'>Available</subfield><subfield code='m'>Ebook Central Perpetual, DDA and Subscription Titles</subfield><subfield code='t'>Ebook Central</subfield><subfield code='a'>01PRI_INST</subfield><subfield code='0'>99125465211106421</subfield></datafield></record>