
<record><leader>08172cam a2200649 i 4500</leader><controlfield tag='001'>99125198638006421</controlfield><controlfield tag='005'>20250523192352.0</controlfield><controlfield tag='006'>m     o  d |</controlfield><controlfield tag='007'>cr#cnu||||||||</controlfield><controlfield tag='008'>060221r20062024ctua    obe   001 0deng^^</controlfield><datafield ind1=' ' ind2=' ' tag='010'><subfield code='a'>2006006170</subfield></datafield><datafield ind1=' ' ind2=' ' tag='020'><subfield code='a'>9798400610882</subfield></datafield><datafield ind1=' ' ind2=' ' tag='020'><subfield code='a'>9780313027673</subfield></datafield><datafield ind1=' ' ind2=' ' tag='020'><subfield code='a'>0313027676</subfield></datafield><datafield ind1='7' ind2=' ' tag='024'><subfield code='a'>10.5040/9798400610882</subfield><subfield code='2'>doi</subfield></datafield><datafield ind1=' ' ind2=' ' tag='035'><subfield code='a'>(CKB)1000000000487021</subfield></datafield><datafield ind1=' ' ind2=' ' tag='035'><subfield code='a'>(MH)010067297-3</subfield></datafield><datafield ind1=' ' ind2=' ' tag='035'><subfield code='a'>(SSID)ssj0000520861</subfield></datafield><datafield ind1=' ' ind2=' ' tag='035'><subfield code='a'>(PQKBManifestationID)11913709</subfield></datafield><datafield ind1=' ' ind2=' ' tag='035'><subfield code='a'>(PQKBTitleCode)TC0000520861</subfield></datafield><datafield ind1=' ' ind2=' ' tag='035'><subfield code='a'>(PQKBWorkID)10517151</subfield></datafield><datafield ind1=' ' ind2=' ' tag='035'><subfield code='a'>(PQKB)11402371</subfield></datafield><datafield ind1=' ' ind2=' ' tag='035'><subfield code='a'>(MiAaPQ)EBC7277724</subfield></datafield><datafield ind1=' ' ind2=' ' tag='035'><subfield code='a'>(Au-PeEL)EBL7277724</subfield></datafield><datafield ind1=' ' ind2=' ' tag='035'><subfield code='a'>(DLC)BP9798400610882BC</subfield></datafield><datafield ind1=' ' ind2=' ' tag='035'><subfield code='a'>(Perlego)4202702</subfield></datafield><datafield ind1=' ' ind2=' ' tag='035'><subfield code='a'>(OCoLC)64486362</subfield></datafield><datafield ind1=' ' ind2=' ' tag='035'><subfield code='a'>(EXLCZ)991000000000487021</subfield></datafield><datafield ind1=' ' ind2=' ' tag='040'><subfield code='a'>DLC</subfield><subfield code='b'>eng</subfield><subfield code='e'>rda</subfield><subfield code='c'>DLC</subfield><subfield code='d'>BAKER</subfield><subfield code='d'>GK8</subfield><subfield code='d'>C#P</subfield><subfield code='d'>OCLCQ</subfield><subfield code='d'>DLC</subfield></datafield><datafield ind1=' ' ind2=' ' tag='041'><subfield code='a'>eng</subfield></datafield><datafield ind1=' ' ind2=' ' tag='043'><subfield code='a'>n-us---</subfield></datafield><datafield ind1=' ' ind2=' ' tag='049'><subfield code='a'>HLSS</subfield></datafield><datafield ind1=' ' ind2='0' tag='050'><subfield code='a'>E169.1</subfield><subfield code='b'>.A472155 2006</subfield></datafield><datafield ind1='0' ind2='0' tag='082'><subfield code='a'>306.0973/03</subfield><subfield code='2'>22</subfield></datafield><datafield ind1='0' ind2='0' tag='245'><subfield code='a'>American icons :</subfield><subfield code='b'>an encyclopedia of the people, places, and things that have shaped our culture /</subfield><subfield code='c'>edited by Dennis R. Hall and Susan Grove Hall.</subfield></datafield><datafield ind1=' ' ind2='1' tag='264'><subfield code='a'>Westport, Conn. :</subfield><subfield code='b'>Greenwood Press,</subfield><subfield code='c'>2006.</subfield></datafield><datafield ind1=' ' ind2='2' tag='264'><subfield code='a'>London :</subfield><subfield code='b'>Bloomsbury Publishing,</subfield><subfield code='c'>2024</subfield></datafield><datafield ind1=' ' ind2=' ' tag='300'><subfield code='a'>1 online resource (3 v. )</subfield><subfield code='b'>ill. ;</subfield></datafield><datafield ind1=' ' ind2=' ' tag='336'><subfield code='a'>text</subfield><subfield code='b'>txt</subfield></datafield><datafield ind1=' ' ind2=' ' tag='337'><subfield code='a'>computer</subfield><subfield code='b'>c</subfield></datafield><datafield ind1=' ' ind2=' ' tag='338'><subfield code='a'>online resource</subfield><subfield code='b'>cr</subfield></datafield><datafield ind1=' ' ind2=' ' tag='347'><subfield code='a'>text file</subfield><subfield code='2'>rdaft</subfield><subfield code='b'>HTML</subfield></datafield><datafield ind1=' ' ind2=' ' tag='500'><subfield code='a'>Bibliographic Level Mode of Issuance: Monograph</subfield></datafield><datafield ind1=' ' ind2=' ' tag='504'><subfield code='a'>Includes bibliographical references and index.</subfield></datafield><datafield ind1='0' ind2=' ' tag='505'><subfield code='a'>Guide to related topics -- Preface -- Acknowledgments -- Volume 1: Alamo / Richard R Flores -- Muhammad Ali / J Peter Williams -- Amish / David L Weaver-Zercher -- Antiperspirant / Jimmy Dean Smith -- Art fair / Mary Carothers and Sharon Scott -- Fred Astaire / Michael Dunne -- Lucille Ball / Rhonda Wilcox -- Banjo / Jack Ashworth -- Barbie / Dawn Heinecken -- Bear / Richard Sanzenbacher -- Beats / Jason R Kirby -- Betty Crocker / Pauline Adema -- Bomb / Margot A Henriksen -- Daniel Boone / Richard Taylor -- Boy Scout knife / R H Miller -- Capitol / Karelisa V Hartigan -- Johnny Carson / David Lavery -- Johnny Cash / Don Cusic -- Cell phone / John P Ferre -- Ray Charles / Reginald Martin -- Julia Child / Sara Lewis Dunne -- Computer chip / Michael Bertz -- Coney Island / Judith A Adams-Volpe -- Couch / Dennis Hall -- Courtroom trial / David Ray Papke -- Joan Crawford / Claude J Smith -- Crayola Crayon / Elizabeth Armstrong Hall -- George Armstrong Custer / Michael C C Adams -- James Dean / Geoffrey Weiss -- Dinosaur / Mark A Wilson -- Dollar bill / Heinz Tschachler -- Bob Dylan / Edward P Comentale -- Albert Einstein / Anthony O&apos;keeffe -- Emergency room / Robert Wolosin -- Flea market / Michael Prokopow -- Ford Mustang / Susan Grove Hall -- Gettysburg / Randal Allred -- GI / Michael Smith -- Golden Gate Bridge / Kenneth M Sanderson and Laura Kennedy -- Billy Graham / David Fillingim -- Grateful Dead / Nicholas Meriwether --</subfield></datafield><datafield ind1='0' ind2=' ' tag='505'><subfield code='a'>Volume 2: Guardian angel / Scott Vander Ploeg -- Gun / Michael C C Adams -- Halloween costume / Sylvia Grider -- Hard-boiled detective / Brendan Riley -- Harley-Davidson motorcycle / Wendy Moon -- Ernest Hemingway / R H Miller -- Jimi Hendrix / Joy Haenlein -- Audrey Hepburn / Lucy Rollin -- Hershey bar / Dennis Hall -- Hollywood / Thomas B Byers -- Horse / Barrett Shaw -- Indian scout / Tom Holm -- Martin Luther King, Jr / Ricky L Jones -- Evel Knievel / Randy D McBee -- Kodak camera / Richard N Masteller -- Las Vegas / Lawrence E Mintz -- Rush Limbaugh / Thomas A Greenfield -- Charles A Lindbergh / Roger B Rollin -- List / Dennis Hall -- Log cabin / William J Badley with Linda Badley -- Lorraine Motel / Thomas S. Bremer -- Jessica Lynch / Anna Froula -- Loretta Lynn / Don Cusic -- MAD magazine / Charles Hatfield -- Madonna / Diane Pecknold -- McDonald&apos;s / Betsy Beaulieu -- Mexican-American border / Susana Perea-Fox and Ivan Figueroa -- Miami / Gary Harmon -- Mickey Mouse / M Thomas Inge -- Miss Manners / Dennis Hall -- Marilyn Monroe / Ann C Hall -- Mount Rushmore / Susan Grove Hall with Dennis Hall -- Muppets / Robert Barshay -- NASCAR&apos;s Bristol Motor Speedway / Barbara S Hugenberg and Lawrence W. Hugenberg -- Niagara Falls / Patrick McGreevy -- Jack Nicholson / Thomas A Van -- Olmsted Park / Thomas J Mickey -- One-room schoolhouse / Ray B Browne -- Oscar / Robert Holtzclaw -- Patchwork quilt / Judith Hatchett -- Walter Payton / Clyde V Williams -- Polyester / Patricia A Cunningham -- Poster child / Mary Johnson -- Elvis Presley / George Plasketes --</subfield></datafield><datafield ind1='0' ind2=' ' tag='505'><subfield code='a'>Volume 3: Railroad / Arthur H Miller -- Robot / Ira Wells -- Eleanor Roosevelt / Maurine H Beasley -- Rosie the Riveter / Kathleen L Endres -- Route 66 / Thomas A Greenfield -- Babe Ruth / J Peter Williams -- Scrapbook / Patricia Prandini Buckler -- Tupac Shakur / Mickey Hess -- Spaceship / Angela Hague -- Sports bar / William R Klink -- Stadium / Sylvester Frazier, Jr -- Stonewall / Thomas Piontek -- Suburbia / Philip C Dolce -- Superman / P Andrew Miller -- Tara / Diane Calhoun-French -- Tattoo / Karen Aubrey -- Henry David Thoreau / Daniel S Kerr -- Tractor / Robert T Rhode -- Tupperware / Judith Hatchett -- Underground Railroad / J Blaine Hudson -- Viagra / Bennett Kravitz -- Video game / Ken S McAllister and Judd Ethan Ruggill -- Vietnam Veterans Memorial / Linda Marie Small -- Wal-Mart / Richard Daniels -- John Wayne / David Magill -- Whistler&apos;s mother / Elaine A King -- Oprah Winfrey / R Mark Hall -- Witch / Linda Badley -- Tiger Woods / Michael K Schoenecke -- Wright brothers / Roger B Rollin -- Zipper / Robert Friedel -- Selected bibliography -- Index -- About the contributors.</subfield></datafield><datafield ind1=' ' ind2=' ' tag='520'><subfield code='a'>From the Publisher: What do Madonna, Ray Charles, Mount Rushmore, suburbia, the banjo, and the Ford Mustang have in common? Whether we adore, ignore, or deplore them, they all influence our culture, and color the way America is perceived by the world. This A-to-Z collection of essays explores more than one hundred people, places, and phenomena that have taken on iconic status in American culture. The scholars and writers whose thoughts are gathered in this unique three-volume set examine these icons through a diverse array of perspectives and fields of expertise. Ranging from the Alamo to Muhammad Ali, from John Wayne to the zipper, this selection of American icons represents essential elements of our culture, including law, art, food, religion, and science. Featuring more than 100 illustrations, this work will serve as a unique resource for students of American history and culture. The interdisciplinary scholars in this work examine what it means when something is labeled as an &quot;icon.&quot; What common features do the people, places, and things we deem to be iconic share? To begin with, an icon generates strong responses in people, it often stands for a group of values (John Wayne), it reflects forces of its time, it can be reshaped or extended by imitation, and it often breaks down barriers between various segments of American culture, such as those that exist between white and black America, or between high and low art. The essays contained in this set examine all these aspects of American icons from a variety of perspectives and through a lively range of rhetoric styles. Among the icons examined here are: The Alamo, Barbie, Ray Charles, James Dean, Ford Mustang, Jimi Hendrix, Las Vegas, Madonna, McDonald&apos;s, Peanuts, Route 66, Superman, Viagra, Wal-Mart, and Oprah Winfrey.</subfield></datafield><datafield ind1=' ' ind2=' ' tag='546'><subfield code='a'>English</subfield></datafield><datafield ind1=' ' ind2='0' tag='650'><subfield code='a'>Popular culture</subfield><subfield code='z'>United States</subfield><subfield code='v'>Encyclopedias.</subfield></datafield><datafield ind1=' ' ind2='0' tag='650'><subfield code='a'>Americana</subfield><subfield code='v'>Encyclopedias.</subfield></datafield><datafield ind1=' ' ind2='0' tag='651'><subfield code='a'>United States</subfield><subfield code='x'>Civilization</subfield><subfield code='v'>Encyclopedias.</subfield></datafield><datafield ind1='1' ind2=' ' tag='700'><subfield code='a'>Hall, Dennis,</subfield><subfield code='d'>1942-</subfield></datafield><datafield ind1='1' ind2=' ' tag='700'><subfield code='a'>Hall, Susan G.,</subfield><subfield code='d'>1941-</subfield></datafield><datafield ind1='0' ind2=' ' tag='776'><subfield code='w'>(OCoLC)64486362</subfield></datafield><datafield ind1='0' ind2='8' tag='776'><subfield code='z'>9780275984212</subfield></datafield><datafield ind1='0' ind2='8' tag='776'><subfield code='z'>0275984214</subfield></datafield><datafield ind1=' ' ind2=' ' tag='906'><subfield code='a'>BOOK</subfield></datafield><datafield ind1=' ' ind2=' ' tag='999'><subfield code='a'>This Record contains information from the Harvard Library Bibliographic Dataset, which is provided by the Harvard Library under its Bibliographic Dataset Use Terms and includes data made available by, among others the Library of Congress</subfield></datafield><datafield ind1=' ' ind2=' ' tag='AVE'><subfield code='8'>53773846910006421</subfield><subfield code='c'>61753484960006421</subfield><subfield code='e'>Available</subfield><subfield code='m'>ABC-CLIO eBooks</subfield><subfield code='t'>ABC-CLIO</subfield><subfield code='a'>01PRI_INST</subfield><subfield code='0'>99125198638006421</subfield></datafield><datafield ind1=' ' ind2=' ' tag='AVE'><subfield code='8'>53773846920006421</subfield><subfield code='c'>61753482030006421</subfield><subfield code='e'>Available</subfield><subfield code='m'>African American Experience (Academic)</subfield><subfield code='t'>ABC-CLIO</subfield><subfield code='a'>01PRI_INST</subfield><subfield code='0'>99125198638006421</subfield></datafield></record>