
<record><leader>01009cam a2200265 a 4500</leader><controlfield tag='001'>9926976493506421</controlfield><controlfield tag='005'>20251106045945.0</controlfield><controlfield tag='008'>921221s1975    nyua     c    000 0 eng d</controlfield><datafield ind1=' ' ind2=' ' tag='035'><subfield code='a'>(CStRLIN)NJPG92-B70332</subfield></datafield><datafield ind1=' ' ind2=' ' tag='035'><subfield code='9'>CMV8285TS</subfield></datafield><datafield ind1=' ' ind2=' ' tag='035'><subfield code='a'>(NjP)2697649-princetondb</subfield></datafield><datafield ind1=' ' ind2=' ' tag='035'><subfield code='z'>(NjP)Voyager2697649</subfield></datafield><datafield ind1=' ' ind2=' ' tag='035'><subfield code='a'>(OCoLC)ocm01699322</subfield></datafield><datafield ind1=' ' ind2=' ' tag='040'><subfield code='a'>NjP</subfield><subfield code='b'>eng</subfield><subfield code='c'>NjP</subfield></datafield><datafield ind1=' ' ind2='4' tag='050'><subfield code='a'>N6538.A4</subfield></datafield><datafield ind1='2' ind2=' ' tag='110'><subfield code='a'>Sotheby Parke Bernet Inc.</subfield><subfield code='0'>http://id.loc.gov/authorities/names/n81107851</subfield></datafield><datafield ind1='1' ind2='0' tag='245'><subfield code='a'>American Indian art, property of various owners ... :</subfield><subfield code='b'>Pre-Columbian art, the property of Jay C. Leff ...</subfield></datafield><datafield ind1=' ' ind2=' ' tag='260'><subfield code='a'>New York, N.Y. :</subfield><subfield code='b'>Sotheby Parke Bernet Inc.,</subfield><subfield code='c'>1975.</subfield></datafield><datafield ind1=' ' ind2=' ' tag='300'><subfield code='a'>[84] p. :</subfield><subfield code='b'>ill. ;</subfield><subfield code='c'>24 cm.</subfield></datafield><datafield ind1=' ' ind2=' ' tag='500'><subfield code='a'>&quot;Sale number 3766.&quot;</subfield></datafield><datafield ind1=' ' ind2=' ' tag='500'><subfield code='a'>&quot;Public auction, Saturday, May 31, 1975 ... &quot;</subfield></datafield><datafield ind1=' ' ind2=' ' tag='911'><subfield code='a'>20000106</subfield></datafield><datafield ind1=' ' ind2=' ' tag='912'><subfield code='a'>19991210000000.0</subfield></datafield><datafield ind1=' ' ind2=' ' tag='914'><subfield code='a'>(OCoLC)ocm01699322</subfield><subfield code='b'>OCoLC</subfield><subfield code='c'>match</subfield><subfield code='d'>20251105</subfield><subfield code='e'>processed</subfield><subfield code='f'>1699322</subfield></datafield><datafield ind1=' ' ind2=' ' tag='998'><subfield code='a'>12/10/99</subfield><subfield code='s'>9994</subfield><subfield code='n'>NjP</subfield><subfield code='w'>NJPG92B70332</subfield><subfield code='d'>12/21/92</subfield><subfield code='c'>GLS</subfield><subfield code='b'>MRF</subfield><subfield code='i'>991210</subfield><subfield code='l'>NJPG</subfield></datafield><datafield ind1=' ' ind2=' ' tag='AVA'><subfield code='0'>9926976493506421</subfield><subfield code='8'>22602089590006421</subfield><subfield code='a'>01PRI_INST</subfield><subfield code='b'>rare</subfield><subfield code='c'>Remote Storage (ReCAP): Western Americana. Special Collections Use Only</subfield><subfield code='d'>RECAP-84756</subfield><subfield code='e'>available</subfield><subfield code='f'>1</subfield><subfield code='g'>0</subfield><subfield code='j'>xw</subfield><subfield code='k'>8</subfield><subfield code='p'>1</subfield><subfield code='q'>Special Collections</subfield></datafield></record>