
<record><leader>06898cam a2200697 i 4500</leader><controlfield tag='001'>99130295666106421</controlfield><controlfield tag='005'>20231128152257.0</controlfield><controlfield tag='006'>m     o  d</controlfield><controlfield tag='007'>cr cnu---unuuu</controlfield><controlfield tag='008'>230510s2023    msua    ob    001 0 eng^^</controlfield><datafield ind1=' ' ind2=' ' tag='010'><subfield code='a'>2023020194</subfield></datafield><datafield ind1=' ' ind2=' ' tag='019'><subfield code='a'>1396698067</subfield></datafield><datafield ind1=' ' ind2=' ' tag='020'><subfield code='a'>9781496848383 (electronic bk.)</subfield></datafield><datafield ind1=' ' ind2=' ' tag='020'><subfield code='a'>1496848381</subfield><subfield code='q'>electronic book</subfield></datafield><datafield ind1=' ' ind2=' ' tag='020'><subfield code='a'>9781496848376</subfield><subfield code='q'>electronic book</subfield></datafield><datafield ind1=' ' ind2=' ' tag='020'><subfield code='a'>1496848373</subfield><subfield code='q'>electronic book</subfield></datafield><datafield ind1=' ' ind2=' ' tag='020'><subfield code='a'>9781496848406</subfield><subfield code='q'>electronic book</subfield></datafield><datafield ind1=' ' ind2=' ' tag='020'><subfield code='a'>1496848403</subfield><subfield code='q'>electronic book</subfield></datafield><datafield ind1=' ' ind2=' ' tag='020'><subfield code='a'>9781496848390</subfield><subfield code='q'>electronic book</subfield></datafield><datafield ind1=' ' ind2=' ' tag='020'><subfield code='a'>149684839X</subfield><subfield code='q'>electronic book</subfield></datafield><datafield ind1=' ' ind2=' ' tag='020'><subfield code='z'>9781496845733</subfield><subfield code='q'>hardcover</subfield></datafield><datafield ind1=' ' ind2=' ' tag='035'><subfield code='a'>(OCoLC)1392168288</subfield><subfield code='z'>(OCoLC)1396698067</subfield></datafield><datafield ind1=' ' ind2=' ' tag='035'><subfield code='a'>(OCoLC)on1392168288</subfield></datafield><datafield ind1=' ' ind2=' ' tag='040'><subfield code='a'>DLC</subfield><subfield code='b'>eng</subfield><subfield code='e'>rda</subfield><subfield code='c'>DLC</subfield><subfield code='d'>YDX</subfield><subfield code='d'>EBLCP</subfield><subfield code='d'>OCLCO</subfield><subfield code='d'>YDX</subfield><subfield code='d'>OCLCQ</subfield></datafield><datafield ind1=' ' ind2=' ' tag='042'><subfield code='a'>pcc</subfield></datafield><datafield ind1=' ' ind2=' ' tag='043'><subfield code='a'>n-us---</subfield></datafield><datafield ind1='0' ind2='4' tag='050'><subfield code='a'>NX650.L34</subfield><subfield code='b'>A44 2023</subfield></datafield><datafield ind1='0' ind2='0' tag='082'><subfield code='a'>700/.46</subfield><subfield code='2'>23/eng/20230802</subfield></datafield><datafield ind1='0' ind2='0' tag='245'><subfield code='a'>American landscapes :</subfield><subfield code='b'>meditations on art and literature in a changing world /</subfield><subfield code='c'>edited by Ann J. Abadie and J. Richard Gruber.</subfield></datafield><datafield ind1=' ' ind2='1' tag='264'><subfield code='a'>Jackson :</subfield><subfield code='b'>University Press of Mississippi,</subfield><subfield code='c'>2023.</subfield></datafield><datafield ind1=' ' ind2=' ' tag='300'><subfield code='a'>1 online resource (272 pages) :</subfield><subfield code='b'>illustrations (chiefly color).</subfield></datafield><datafield ind1=' ' ind2=' ' tag='336'><subfield code='a'>text</subfield><subfield code='b'>txt</subfield><subfield code='2'>rdacontent</subfield></datafield><datafield ind1=' ' ind2=' ' tag='337'><subfield code='a'>computer</subfield><subfield code='b'>c</subfield><subfield code='2'>rdamedia</subfield></datafield><datafield ind1=' ' ind2=' ' tag='338'><subfield code='a'>online resource</subfield><subfield code='b'>cr</subfield><subfield code='2'>rdacarrier</subfield></datafield><datafield ind1='1' ind2=' ' tag='490'><subfield code='a'>University of Mississippi museum and historic houses</subfield></datafield><datafield ind1=' ' ind2=' ' tag='504'><subfield code='a'>Includes bibliographical references and index.</subfield></datafield><datafield ind1='0' ind2='0' tag='505'><subfield code='t'>In memoriam -- Julia Evans Reed --</subfield><subfield code='t'>Dunlap on Dunlap /</subfield><subfield code='r'>William Dunlap --</subfield><subfield code='t'>Prelude: Friends of the University of Mississippi Museum&apos;s Acquisition of &quot;Meditations on the Origins of Agriculture in America&quot; /</subfield><subfield code='r'>Dorothy Molpus Howorth --</subfield><subfield code='t'>Introduction: Looking backward, looking forward /</subfield><subfield code='r'>J. Richard Gruber --</subfield><subfield code='t'>The power of place in art and literature /</subfield><subfield code='r'>William Dunlap --</subfield><subfield code='t'>The lyrical landscape /</subfield><subfield code='r'>W. Ralph Eubanks, Natasha Trethewey --</subfield><subfield code='t'>Symposium keynote address opening remarks /</subfield><subfield code='r'>Diane Scruggs, Noel E. Wilkin, Robert Saarnio --</subfield><subfield code='t'>Keynote address: The American landscape painting tradition: History, place, charged objects, and Southern road trips /</subfield><subfield code='r'>J. Richard Gruber --</subfield><subfield code='t'>Southern road trip /</subfield><subfield code='r'>Betsy Bradley, John Alexander, William Dunlap, Jane Livingston, Julia Reed --</subfield><subfield code='t'>The power of place in art /</subfield><subfield code='r'>Lisa Howorth, Jane Livingston, Sally Mann --</subfield><subfield code='t'>The written word and sense of place in landscape /</subfield><subfield code='r'>W. Ralph Eubanks, John Grisham, Jessica B. Harris, Curtis Wilkie --</subfield><subfield code='t'>Ways of seeing the landscape /</subfield><subfield code='t'>Julian Rankin, John Alexander, Jason Bouldin, William Dunlap, Carlyle Wolfe --</subfield><subfield code='t'>Landscape paintings and photographs /</subfield><subfield code='r'>William Dunlap, Melanie Munns Antonelli --</subfield><subfield code='t'>Event photographs /</subfield><subfield code='r'>Linda Burgess, Danny Dickey, and Thad Lee --</subfield><subfield code='t'>Look at it, think about it /</subfield><subfield code='r'>J. Richard Gruber --</subfield><subfield code='t'>COVID-19 pandemic and the making of art /</subfield><subfield code='r'>William Dunlap --</subfield><subfield code='t'>My landscape&apos;s not your landscape: Some musings on the multiplicity of landscapes of and in the mind /</subfield><subfield code='r'>Jessica B. Harris --</subfield><subfield code='t'>Landscape in the time of COVID: A funky valentine /</subfield><subfield code='r'>Lisa Howorth --</subfield><subfield code='t'>Sense of place /</subfield><subfield code='r'>Curtis Wilkie --</subfield><subfield code='t'>Four meditations from the land of Rowan Oak /</subfield><subfield code='r'>Ed Croom --</subfield><subfield code='t'>Transitions /</subfield><subfield code='r'>Randy Hayes --</subfield><subfield code='t'>Epiphanies and meditations /</subfield><subfield code='r'>Linda Burgess --</subfield><subfield code='t'>Source of inspiration /</subfield><subfield code='r'>John Grisham --</subfield><subfield code='t'>Oxford odyssey /</subfield><subfield code='r'>Huger Foote --</subfield><subfield code='t'>Meditations on the sublime in Mississippi landscapes /</subfield><subfield code='r'>Betsy Bradley --</subfield><subfield code='t'>Meditations on landscape /</subfield><subfield code='r'>Ke Francis --</subfield><subfield code='t'>Southern light, southern landscape /</subfield><subfield code='r'>W. Ralph Eubanks --</subfield><subfield code='t'>Stars and snakes forever: An interview with John Alexander /</subfield><subfield code='r'>J. Richard Gruber --</subfield><subfield code='t'>Bearing witness: Visual aesthetics and meaning /</subfield><subfield code='r'>Jason Bouldin --</subfield><subfield code='t'>Landscape as subject /</subfield><subfield code='r'>Carlyle Wolfe Lee --</subfield><subfield code='t'>Returning /</subfield><subfield code='r'>Julian Rankin --</subfield><subfield code='t'>Playing Indian: The Capitol rioter dressed up as a Native American is part of a long cultural history. We ignore it at our peril /</subfield><subfield code='r'>Joseph M. Pierce --</subfield><subfield code='t'>What to do about William Faulkner: Review of the saddest words: William Faulkner&apos;s Civil War by Michael Gorra /</subfield><subfield code='r'>Drew Gilpin Faust --</subfield><subfield code='t'>Afterword: Meditations /</subfield><subfield code='r'>J. Richard Gruber --</subfield><subfield code='t'>About the Contributors -- Index.</subfield></datafield><datafield ind1=' ' ind2=' ' tag='520'><subfield code='a'>&quot;American Landscapes: Meditations on Art and Literature in a Changing World is a major contemporary survey of landscapes in art and literature of the United States, especially the American South. Inspired by William Dunlap&apos;s extraordinary landscape Meditations on the Origins of Agriculture in America and a collection of forty paintings and photographs by southern artists, this volume brings together artists, authors, and scholars to present new perspectives on art and literature both past and present. The volume includes art and text from artists John Alexander, Jason Bouldin, William Dunlap, Carlyle Wolfe Lee, Ke Francis, Linda Burgess, Randy Hayes; photographers Sally Mann, Ed Croom, and Huger Foote; museum directors Betsy Bradley, Jane Livingston, and Julian Rankin; and authors W. Ralph Eubanks, John Grisham, J. Richard Gruber, Jessica B. Harris, Lisa Howorth, Julia Reed, Natasha Trethewey, Curtis Wilkie, Joseph M. Pierce, and Drew Gilpin Faust. This diverse group explores major eras of American history portrayed in Dunlap&apos;s painting, a landscape that evokes the displacement and genocide of Native Americans, the enslavement of Africans, the Civil War, and William Faulkner&apos;s fiction. They examine the history of landscape art in America, connecting art with the works of major writers like William Faulkner, Eudora Welty, Natasha Trethewey, and Jesmyn Ward. In eighteen new essays written during the pandemic and since the events of January 6, 2021, the essayists emphasize how the key issues Dunlap addressed in his 1987 artwork have become part of the national discourse and make his work even more vital today&quot;--</subfield><subfield code='c'>Provided by publisher.</subfield></datafield><datafield ind1=' ' ind2=' ' tag='588'><subfield code='a'>Description based on online resource; title from digital title page (viewed on October 04, 2023).</subfield></datafield><datafield ind1=' ' ind2='0' tag='650'><subfield code='a'>Landscapes in art.</subfield></datafield><datafield ind1=' ' ind2='0' tag='650'><subfield code='a'>Landscapes in literature.</subfield></datafield><datafield ind1=' ' ind2='0' tag='650'><subfield code='a'>Art and literature</subfield><subfield code='z'>United States.</subfield></datafield><datafield ind1=' ' ind2='0' tag='650'><subfield code='a'>Landscapes</subfield><subfield code='z'>United States.</subfield></datafield><datafield ind1=' ' ind2='0' tag='650'><subfield code='a'>Landscape painting, American.</subfield></datafield><datafield ind1=' ' ind2='0' tag='650'><subfield code='a'>Landscape painters</subfield><subfield code='z'>United States</subfield><subfield code='v'>Interviews.</subfield></datafield><datafield ind1=' ' ind2='6' tag='650'><subfield code='a'>Paysages dans l&apos;art.</subfield></datafield><datafield ind1=' ' ind2='6' tag='650'><subfield code='a'>Paysages dans la littérature.</subfield></datafield><datafield ind1=' ' ind2='6' tag='650'><subfield code='a'>Art et littérature</subfield><subfield code='z'>États-Unis.</subfield></datafield><datafield ind1=' ' ind2='6' tag='650'><subfield code='a'>Paysages</subfield><subfield code='z'>États-Unis.</subfield></datafield><datafield ind1=' ' ind2='6' tag='650'><subfield code='a'>Peinture de paysages américaine.</subfield></datafield><datafield ind1=' ' ind2='6' tag='650'><subfield code='a'>Paysagistes</subfield><subfield code='z'>États-Unis</subfield><subfield code='v'>Entretiens.</subfield></datafield><datafield ind1='1' ind2=' ' tag='700'><subfield code='a'>Abadie, Ann J.,</subfield><subfield code='e'>editor.</subfield></datafield><datafield ind1='1' ind2=' ' tag='700'><subfield code='a'>Gruber, J. Richard,</subfield><subfield code='e'>editor.</subfield></datafield><datafield ind1='0' ind2='8' tag='776'><subfield code='i'>Print version:</subfield><subfield code='t'>American landscapes</subfield><subfield code='d'>Jackson : University Press of Mississippi, 2023</subfield><subfield code='z'>9781496845733</subfield><subfield code='w'>(DLC)  2023020193</subfield></datafield><datafield ind1=' ' ind2='0' tag='830'><subfield code='a'>University of Mississippi Museum and Historic Houses Series</subfield></datafield><datafield ind1=' ' ind2=' ' tag='910'><subfield code='c'>C1502mon</subfield><subfield code='d'>3110-17</subfield><subfield code='g'>YBP</subfield></datafield><datafield ind1=' ' ind2=' ' tag='960'><subfield code='o'>1</subfield><subfield code='z'>USD</subfield></datafield><datafield ind1=' ' ind2=' ' tag='961'><subfield code='f'>RF</subfield><subfield code='h'>PQE3U</subfield><subfield code='i'>PQE</subfield><subfield code='j'>3U</subfield><subfield code='m'>311017</subfield><subfield code='n'>eBook</subfield></datafield><datafield ind1=' ' ind2=' ' tag='980'><subfield code='a'>20467815</subfield><subfield code='i'>156.25</subfield></datafield><datafield ind1=' ' ind2=' ' tag='982'><subfield code='c'>rcppj</subfield></datafield><datafield ind1=' ' ind2=' ' tag='984'><subfield code='a'>20240327</subfield><subfield code='b'>132406</subfield><subfield code='c'>YBP-US</subfield></datafield><datafield ind1=' ' ind2=' ' tag='AVA'><subfield code='0'>99130295666106421</subfield><subfield code='8'>221015227630006421</subfield><subfield code='a'>01PRI_INST</subfield><subfield code='b'>marquand</subfield><subfield code='c'>Remote Storage (ReCAP): Marquand Library Use Only</subfield><subfield code='d'>NX650.L34 A44 2023</subfield><subfield code='e'>unavailable</subfield><subfield code='f'>1</subfield><subfield code='g'>1</subfield><subfield code='j'>pj</subfield><subfield code='k'>0</subfield><subfield code='p'>1</subfield><subfield code='q'>Marquand Library</subfield></datafield></record>