
<record><leader>03186cam a2200361 a 4500</leader><controlfield tag='001'>9962868053506421</controlfield><controlfield tag='005'>20240502045129.0</controlfield><controlfield tag='008'>100309s2010    nyuaf    b    001 0 eng^^</controlfield><datafield ind1=' ' ind2=' ' tag='010'><subfield code='a'>2010010284</subfield></datafield><datafield ind1=' ' ind2=' ' tag='015'><subfield code='a'>GBB078636</subfield><subfield code='2'>bnb</subfield></datafield><datafield ind1='7' ind2=' ' tag='016'><subfield code='a'>015589396</subfield><subfield code='2'>Uk</subfield></datafield><datafield ind1=' ' ind2=' ' tag='020'><subfield code='a'>9780865476981 (hardcover : alk. paper) :</subfield><subfield code='c'>$28.00</subfield></datafield><datafield ind1=' ' ind2=' ' tag='020'><subfield code='a'>0865476985 (hardcover : alk. paper)</subfield></datafield><datafield ind1=' ' ind2=' ' tag='035'><subfield code='a'>(NjP)6286805-princetondb</subfield></datafield><datafield ind1=' ' ind2=' ' tag='035'><subfield code='z'>(NjP)Voyager6286805</subfield></datafield><datafield ind1=' ' ind2=' ' tag='035'><subfield code='a'>(OCoLC)ocn555656279</subfield></datafield><datafield ind1=' ' ind2=' ' tag='040'><subfield code='a'>DLC</subfield><subfield code='b'>eng</subfield><subfield code='c'>DLC</subfield><subfield code='d'>BTCTA</subfield><subfield code='d'>UKM</subfield><subfield code='d'>YDXCP</subfield><subfield code='d'>IKG</subfield><subfield code='d'>C#P</subfield><subfield code='d'>UTW</subfield><subfield code='d'>BWX</subfield><subfield code='d'>SFR</subfield><subfield code='d'>ABG</subfield><subfield code='d'>CDX</subfield><subfield code='d'>JQF</subfield></datafield><datafield ind1=' ' ind2=' ' tag='043'><subfield code='a'>n-us---</subfield></datafield><datafield ind1=' ' ind2=' ' tag='049'><subfield code='a'>PULL</subfield></datafield><datafield ind1='0' ind2='0' tag='050'><subfield code='a'>ML3477</subfield><subfield code='b'>.R67 2010</subfield></datafield><datafield ind1='0' ind2='0' tag='082'><subfield code='a'>782.42164089/51073</subfield><subfield code='2'>22</subfield></datafield><datafield ind1='1' ind2=' ' tag='100'><subfield code='a'>Rotella, Mark,</subfield><subfield code='d'>1967-</subfield><subfield code='0'>http://id.loc.gov/authorities/names/n2003035720</subfield></datafield><datafield ind1='1' ind2='0' tag='245'><subfield code='a'>Amore :</subfield><subfield code='b'>the story of Italian American song /</subfield><subfield code='c'>Mark Rotella.</subfield></datafield><datafield ind1=' ' ind2=' ' tag='250'><subfield code='a'>1st ed.</subfield></datafield><datafield ind1=' ' ind2=' ' tag='260'><subfield code='a'>New York :</subfield><subfield code='b'>Farrar, Straus and Giroux,</subfield><subfield code='c'>2010.</subfield></datafield><datafield ind1=' ' ind2=' ' tag='300'><subfield code='a'>xviii, 300 p., [8] p. of plates :</subfield><subfield code='b'>ill. ;</subfield><subfield code='c'>24 cm.</subfield></datafield><datafield ind1=' ' ind2=' ' tag='504'><subfield code='a'>Includes bibliographical references (p. [277]-283) and index.</subfield></datafield><datafield ind1='0' ind2=' ' tag='505'><subfield code='a'>The old country. &quot;I have but one heart&quot; (&quot;O marenariello&quot;) : Frank Sinatra and Vic Damone ; &quot;Vesti la giubba&quot; : Enrico Caruso ; &quot;Core &apos;ngrato&quot; : Eduardo Migliaccio and Gilda Mignonette ; &quot;O sole mio&quot; : Enrico Caruso ; &quot;Tip-toe through the tulips&quot; : Nick Lucas ; &quot;You call it madness (But I call it love)&quot; : Russ Columbo ; &quot;Sing, sing, sing&quot; : Louis Prima ; &quot;All or nothing at all&quot; : Frank Sinatra ; &quot;Night and day&quot; : Frank Sinatra ; &quot;Angelina&quot; : Louis Prima ; &quot;I&apos;m gonna love that gal (like she&apos;s never been loved before)&quot; : Perry Como ; &quot;Prisoner of love&quot; : Perry Como ; &quot;Mam&apos;selle&quot; : Frank Sinatra -- The Italian decade, the 1950s. &quot;You&apos;re breaking my heart&quot; : Vic Damone ; &quot;That lucky old sun&quot; : Frankie Laine ; &quot;Be my love&quot; : Mario Lanza ; &quot;Here in my heart&quot; : Al Martino ; &quot;Because of you&quot; : Tony Bennett ; &quot;Your cheatin&apos; heart&quot; : Joni James ; &quot;That&apos;s amore&quot; : Dean Martin ; &quot;Eh, cumpari!&quot; : Julius La Rosa ; &quot;Darktown strutters&apos; ball (Italian-style)&quot; : Lou Monte ; &quot;(The gang that sang) Heart of my heart&quot; : Don Cornell and Johnny Desmond ; &quot;Sweet and gentle&quot; : Alan Dale ; &quot;I&apos;ve got the world on a string&quot; : Frank Sinatra ; &quot;Just a gigolo&quot; : Louis Prima ; &quot;Innamorata&quot; : Jerry Vale ; &quot;Volare&quot; : Dean Martin ; &quot;Mama&quot; : Connie Francis ; &quot;Dream lover&quot; : Bobby Darin ; &quot;Lightnin&apos; strikes&quot; : Lou Christie ; &quot;I wonder why&quot; : Dion and the Belmonts ; &quot;Sixteen candles&quot; : Johnny Maestro and the Crests ; &quot;Mack the Knife&quot; : Bobby Darin ; &quot;It&apos;s now or never&quot; : Elvis Presley ; &quot;The wanderer&quot; : Dion ; &quot;Walk like a man&quot; : Frankie Valli and the Four Seasons -- Las Vegas. &quot;Nice &apos;n&apos; easy&quot; : Frank Sinatra and the Rat Pack ; &quot;Bye bye blackbird&quot; : Sammy Davis Jr. ; &quot;Fly me to the moon&quot; : Frank Sinatra ; &quot;Fly me to the moon&quot; (reprise) : Tony Bennett, September 2001.</subfield></datafield><datafield ind1=' ' ind2='0' tag='650'><subfield code='a'>Popular music</subfield><subfield code='z'>United States</subfield><subfield code='x'>History and criticism.</subfield><subfield code='0'>http://id.loc.gov/authorities/subjects/sh2008109794</subfield></datafield><datafield ind1=' ' ind2='0' tag='650'><subfield code='a'>Italian Americans</subfield><subfield code='x'>Music</subfield><subfield code='x'>History and criticism.</subfield></datafield><datafield ind1=' ' ind2=' ' tag='902'><subfield code='a'>mnc</subfield><subfield code='b'>s</subfield><subfield code='6'>a</subfield><subfield code='7'>m</subfield><subfield code='d'>v</subfield><subfield code='f'>1</subfield><subfield code='e'>20101101</subfield></datafield><datafield ind1=' ' ind2=' ' tag='904'><subfield code='a'>mnc</subfield><subfield code='b'>a</subfield><subfield code='h'>m</subfield><subfield code='c'>b</subfield><subfield code='e'>20101101</subfield></datafield><datafield ind1=' ' ind2=' ' tag='914'><subfield code='a'>(OCoLC)ocn555656279</subfield><subfield code='b'>OCoLC</subfield><subfield code='c'>match</subfield><subfield code='d'>20240501</subfield><subfield code='e'>processed</subfield><subfield code='f'>555656279</subfield></datafield><datafield ind1=' ' ind2=' ' tag='AVA'><subfield code='0'>9962868053506421</subfield><subfield code='8'>22585579620006421</subfield><subfield code='a'>01PRI_INST</subfield><subfield code='b'>mendel</subfield><subfield code='c'>Stacks</subfield><subfield code='d'>ML3477 .R67 2010</subfield><subfield code='e'>available</subfield><subfield code='f'>1</subfield><subfield code='g'>0</subfield><subfield code='j'>stacks</subfield><subfield code='k'>0</subfield><subfield code='p'>1</subfield><subfield code='q'>Mendel Music Library</subfield></datafield></record>