
<record><leader>03459pam a2200505 i 4500</leader><controlfield tag='001'>9996746913506421</controlfield><controlfield tag='005'>20240509071748.0</controlfield><controlfield tag='008'>151117t20162016enk      b    001 0 eng^^</controlfield><datafield ind1=' ' ind2=' ' tag='010'><subfield code='a'>2015038122</subfield></datafield><datafield ind1=' ' ind2=' ' tag='020'><subfield code='a'>9781409442394</subfield><subfield code='q'>(hardcover)</subfield></datafield><datafield ind1=' ' ind2=' ' tag='020'><subfield code='a'>140944239X</subfield><subfield code='q'>(hardcover)</subfield></datafield><datafield ind1=' ' ind2=' ' tag='020'><subfield code='z'>9781315567044</subfield><subfield code='q'>(e-book)</subfield></datafield><datafield ind1=' ' ind2=' ' tag='035'><subfield code='a'>(NjP)9674691-princetondb</subfield></datafield><datafield ind1=' ' ind2=' ' tag='035'><subfield code='z'>(NjP)Voyager9674691</subfield></datafield><datafield ind1=' ' ind2=' ' tag='035'><subfield code='a'>(OCoLC)ocn943705791</subfield></datafield><datafield ind1=' ' ind2=' ' tag='040'><subfield code='a'>DLC</subfield><subfield code='b'>eng</subfield><subfield code='e'>rda</subfield><subfield code='c'>DLC</subfield><subfield code='d'>OCLCO</subfield><subfield code='d'>OCLCQ</subfield><subfield code='d'>BTCTA</subfield><subfield code='d'>BDX</subfield><subfield code='d'>YDXCP</subfield><subfield code='d'>OCLCF</subfield><subfield code='d'>CDX</subfield></datafield><datafield ind1=' ' ind2=' ' tag='042'><subfield code='a'>pcc</subfield></datafield><datafield ind1='0' ind2='0' tag='050'><subfield code='a'>PR3546</subfield><subfield code='b'>.C67 2016</subfield></datafield><datafield ind1='0' ind2='0' tag='082'><subfield code='a'>821/.4</subfield><subfield code='2'>23</subfield></datafield><datafield ind1='1' ind2=' ' tag='100'><subfield code='a'>Cousins, A. D.,</subfield><subfield code='d'>1950-</subfield><subfield code='e'>author.</subfield><subfield code='0'>http://id.loc.gov/authorities/names/n90641863</subfield></datafield><datafield ind1='1' ind2='0' tag='245'><subfield code='a'>Andrew Marvell :</subfield><subfield code='b'>loss and aspiration, home and homeland in Miscellaneous poems /</subfield><subfield code='c'>A.D. Cousins.</subfield></datafield><datafield ind1=' ' ind2='1' tag='264'><subfield code='a'>London ;</subfield><subfield code='a'>New York :</subfield><subfield code='b'>Routledge, Taylor &amp; Francis Group,</subfield><subfield code='c'>2016.</subfield></datafield><datafield ind1=' ' ind2='4' tag='264'><subfield code='c'>©2016</subfield></datafield><datafield ind1=' ' ind2=' ' tag='300'><subfield code='a'>237 pages ;</subfield><subfield code='c'>24 cm</subfield></datafield><datafield ind1=' ' ind2=' ' tag='336'><subfield code='a'>text</subfield><subfield code='b'>txt</subfield><subfield code='2'>rdacontent</subfield></datafield><datafield ind1=' ' ind2=' ' tag='337'><subfield code='a'>unmediated</subfield><subfield code='b'>n</subfield><subfield code='2'>rdamedia</subfield></datafield><datafield ind1=' ' ind2=' ' tag='338'><subfield code='a'>volume</subfield><subfield code='b'>nc</subfield><subfield code='2'>rdacarrier</subfield></datafield><datafield ind1=' ' ind2=' ' tag='504'><subfield code='a'>Includes bibliographical references (pages 219-233) and index.</subfield></datafield><datafield ind1='0' ind2=' ' tag='505'><subfield code='a'>Introduction -- The Mower poems -- Lovers, gardens, paradise: the nymph and the coy mistress -- Lovers, gardens, paradise: Bermudas and The Garden -- The religious verse -- The royalist poems and An Horatian Ode -- Home and homeland in Upon Appleton House, To My Lord Fairfax -- Conclusion.</subfield></datafield><datafield ind1=' ' ind2=' ' tag='520'><subfield code='a'>&quot;This monograph studies how, across the Folio of 1681, Marvell&apos;s poems engage not merely with different kinds of loss and aspiration, but with experiences of both that were, in mid-seventeenth-century England, disturbingly new and unfamiliar. It particularly examines Marvell&apos;s preoccupation with the search for home, and with redefining the homeland, in times of civil upheaval. In doing so it traces his progression from being a poet who plays sophisticatedly with received myth to being one who is a national mythmaker in rivalry with his poetic contemporaries such as Waller and Davenant. Although focusing primarily on poems in the Folio of 1681, this book considers those poems in relation to others from the Marvell canon, including the Latin poems and the satires from the reign of Charles II. It closely considers them as well in relation to verse by poets from the classical past and the European, especially English, present&quot;--</subfield><subfield code='c'>Provided by publisher.</subfield></datafield><datafield ind1='1' ind2='0' tag='600'><subfield code='a'>Marvell, Andrew,</subfield><subfield code='d'>1621-1678</subfield><subfield code='x'>Criticism and interpretation.</subfield></datafield><datafield ind1='1' ind2='7' tag='600'><subfield code='a'>Marvell, Andrew,</subfield><subfield code='d'>1621-1678.</subfield><subfield code='2'>fast</subfield><subfield code='0'>(OCoLC)fst00049338</subfield></datafield><datafield ind1=' ' ind2='0' tag='650'><subfield code='a'>Loss (Psychology) in literature.</subfield><subfield code='0'>http://id.loc.gov/authorities/subjects/sh94006072</subfield></datafield><datafield ind1=' ' ind2='0' tag='650'><subfield code='a'>Ambition in literature.</subfield><subfield code='0'>http://id.loc.gov/authorities/subjects/sh93008353</subfield></datafield><datafield ind1=' ' ind2='0' tag='650'><subfield code='a'>Home in literature.</subfield><subfield code='0'>http://id.loc.gov/authorities/subjects/sh85061696</subfield></datafield><datafield ind1=' ' ind2='0' tag='650'><subfield code='a'>Homelessness in literature.</subfield><subfield code='0'>http://id.loc.gov/authorities/subjects/sh94004699</subfield></datafield><datafield ind1=' ' ind2='7' tag='650'><subfield code='a'>Ambition in literature.</subfield><subfield code='2'>fast</subfield><subfield code='0'>(OCoLC)fst00806744</subfield></datafield><datafield ind1=' ' ind2='7' tag='650'><subfield code='a'>Home in literature.</subfield><subfield code='2'>fast</subfield><subfield code='0'>(OCoLC)fst00959307</subfield></datafield><datafield ind1=' ' ind2='7' tag='650'><subfield code='a'>Homelessness in literature.</subfield><subfield code='2'>fast</subfield><subfield code='0'>(OCoLC)fst00959572</subfield></datafield><datafield ind1=' ' ind2='7' tag='650'><subfield code='a'>Loss (Psychology) in literature.</subfield><subfield code='2'>fast</subfield><subfield code='0'>(OCoLC)fst01002636</subfield></datafield><datafield ind1=' ' ind2='7' tag='655'><subfield code='a'>Criticism, interpretation, etc.</subfield><subfield code='2'>fast</subfield><subfield code='0'>(OCoLC)fst01411635</subfield></datafield><datafield ind1='0' ind2=' ' tag='852'><subfield code='b'>f</subfield><subfield code='h'>PR3546</subfield><subfield code='i'>.C67 2016</subfield></datafield><datafield ind1=' ' ind2=' ' tag='902'><subfield code='a'>yj</subfield><subfield code='b'>s</subfield><subfield code='6'>a</subfield><subfield code='7'>m</subfield><subfield code='d'>v</subfield><subfield code='f'>1</subfield><subfield code='e'>20160622</subfield></datafield><datafield ind1=' ' ind2=' ' tag='904'><subfield code='a'>yj</subfield><subfield code='b'>a</subfield><subfield code='h'>m</subfield><subfield code='c'>b</subfield><subfield code='e'>20160622</subfield></datafield><datafield ind1=' ' ind2=' ' tag='914'><subfield code='a'>(OCoLC)ocn943705791</subfield><subfield code='b'>OCoLC</subfield><subfield code='c'>match</subfield><subfield code='d'>20240508</subfield><subfield code='e'>processed</subfield><subfield code='f'>943705791</subfield></datafield><datafield ind1=' ' ind2=' ' tag='AVA'><subfield code='0'>9996746913506421</subfield><subfield code='8'>22631937940006421</subfield><subfield code='a'>01PRI_INST</subfield><subfield code='b'>firestone</subfield><subfield code='c'>Stacks</subfield><subfield code='d'>PR3546 .C67 2016</subfield><subfield code='e'>available</subfield><subfield code='f'>1</subfield><subfield code='g'>0</subfield><subfield code='j'>stacks</subfield><subfield code='k'>0</subfield><subfield code='p'>1</subfield><subfield code='q'>Firestone Library</subfield></datafield></record>