
<record><leader>04888cam a2201081 i 4500</leader><controlfield tag='001'>99129040245406421</controlfield><controlfield tag='005'>20260514164238.0</controlfield><controlfield tag='008'>230718t20232023gw ach   b    001 0 eng d</controlfield><datafield ind1=' ' ind2=' ' tag='015'><subfield code='a'>GBC385233</subfield><subfield code='2'>bnb</subfield></datafield><datafield ind1='7' ind2=' ' tag='016'><subfield code='a'>021041770</subfield><subfield code='2'>Uk</subfield></datafield><datafield ind1=' ' ind2=' ' tag='019'><subfield code='a'>1376919184</subfield><subfield code='a'>1393435624</subfield></datafield><datafield ind1=' ' ind2=' ' tag='020'><subfield code='a'>3836596032</subfield><subfield code='q'>(Famous firstn edition)</subfield></datafield><datafield ind1=' ' ind2=' ' tag='020'><subfield code='a'>9783836596039</subfield><subfield code='q'>(Famous firstn edition)</subfield></datafield><datafield ind1=' ' ind2=' ' tag='020'><subfield code='a'>9783836590983</subfield></datafield><datafield ind1=' ' ind2=' ' tag='020'><subfield code='a'>3836590980</subfield></datafield><datafield ind1='0' ind2=' ' tag='029'><subfield code='a'>AU@</subfield><subfield code='b'>000074867841</subfield></datafield><datafield ind1='1' ind2=' ' tag='029'><subfield code='a'>ZWZ</subfield><subfield code='b'>272484164</subfield></datafield><datafield ind1='1' ind2=' ' tag='029'><subfield code='a'>UKMGB</subfield><subfield code='b'>021041770</subfield></datafield><datafield ind1=' ' ind2=' ' tag='035'><subfield code='a'>(OCoLC)1390659748</subfield></datafield><datafield ind1=' ' ind2=' ' tag='040'><subfield code='a'>AU@</subfield><subfield code='b'>eng</subfield><subfield code='e'>rda</subfield><subfield code='c'>AU@</subfield><subfield code='d'>ILO</subfield><subfield code='d'>JPG</subfield><subfield code='d'>OCLCO</subfield><subfield code='d'>NLRIJ</subfield><subfield code='d'>OCLCL</subfield></datafield><datafield ind1=' ' ind2=' ' tag='041'><subfield code='a'>eng</subfield><subfield code='a'>fre</subfield><subfield code='a'>ger</subfield><subfield code='h'>ger</subfield></datafield><datafield ind1=' ' ind2=' ' tag='043'><subfield code='a'>e-uk-en</subfield></datafield><datafield ind1='1' ind2='4' tag='050'><subfield code='a'>TR724</subfield><subfield code='b'>.A85 2023</subfield></datafield><datafield ind1=' ' ind2=' ' tag='090'><subfield code='a'>TR724</subfield><subfield code='b'>.A85 2023q</subfield><subfield code='k'>Oversize</subfield></datafield><datafield ind1='1' ind2=' ' tag='100'><subfield code='a'>Atkins, Anna,</subfield><subfield code='d'>1799-1871,</subfield><subfield code='e'>artist.</subfield><subfield code='1'>https://id.oclc.org/worldcat/entity/E39PBJxRHYqTJRrQ6BqXPXyTpP</subfield></datafield><datafield ind1='1' ind2='0' tag='245'><subfield code='a'>Anna Atkins :</subfield><subfield code='b'>cyanotypes /</subfield><subfield code='c'>Peter Walther (ed.) ; directed and produced by Benedikt Taschen.</subfield></datafield><datafield ind1='3' ind2='0' tag='246'><subfield code='a'>Cyanotypes</subfield></datafield><datafield ind1=' ' ind2=' ' tag='250'><subfield code='a'>Famous first edition.</subfield></datafield><datafield ind1=' ' ind2='1' tag='264'><subfield code='a'>Köln :</subfield><subfield code='b'>Taschen,</subfield><subfield code='c'>[2023]</subfield></datafield><datafield ind1=' ' ind2='4' tag='264'><subfield code='c'>©2023</subfield></datafield><datafield ind1=' ' ind2=' ' tag='300'><subfield code='a'>660 pages :</subfield><subfield code='b'>illustrations (chiefly color), facsimiles, portraits ;</subfield><subfield code='c'>31 cm</subfield></datafield><datafield ind1=' ' ind2=' ' tag='336'><subfield code='a'>text</subfield><subfield code='b'>txt</subfield><subfield code='2'>rdacontent</subfield></datafield><datafield ind1=' ' ind2=' ' tag='336'><subfield code='a'>still image</subfield><subfield code='b'>sti</subfield><subfield code='2'>rdacontent</subfield></datafield><datafield ind1=' ' ind2=' ' tag='337'><subfield code='a'>unmediated</subfield><subfield code='b'>n</subfield><subfield code='2'>rdamedia</subfield></datafield><datafield ind1=' ' ind2=' ' tag='338'><subfield code='a'>volume</subfield><subfield code='b'>nc</subfield><subfield code='2'>rdacarrier</subfield></datafield><datafield ind1=' ' ind2=' ' tag='504'><subfield code='a'>Includes bibliographical references and index.</subfield></datafield><datafield ind1=' ' ind2=' ' tag='500'><subfield code='a'>&quot;The copies used for printing belond to the New York Public Library, J. Paul Getty Museum, Los Angeles, Metropolitan Museum of Art, New York, Rijksmuseum, Amsterdam, Natural History Museum, London.&quot;</subfield></datafield><datafield ind1=' ' ind2=' ' tag='500'><subfield code='a'>Issued in slipcase.</subfield></datafield><datafield ind1=' ' ind2='7' tag='655'><subfield code='a'>photobooks.</subfield><subfield code='2'>aat</subfield></datafield><datafield ind1=' ' ind2='7' tag='655'><subfield code='a'>Photobooks</subfield><subfield code='2'>fast</subfield></datafield><datafield ind1=' ' ind2='7' tag='655'><subfield code='a'>History</subfield><subfield code='2'>fast</subfield></datafield><datafield ind1=' ' ind2='7' tag='655'><subfield code='a'>Photobooks.</subfield><subfield code='2'>lcgft</subfield></datafield><datafield ind1=' ' ind2='7' tag='655'><subfield code='a'>Livres de photographies.</subfield><subfield code='2'>rvmgf</subfield></datafield><datafield ind1='1' ind2='0' tag='600'><subfield code='a'>Atkins, Anna,</subfield><subfield code='d'>1799-1871.</subfield><subfield code='0'>http://id.loc.gov/authorities/names/n85243434</subfield></datafield><datafield ind1='1' ind2='0' tag='600'><subfield code='a'>Atkins, Anna,</subfield><subfield code='d'>1799-1871.</subfield><subfield code='t'>Photographs of British algae.</subfield><subfield code='0'>http://id.loc.gov/authorities/names/n2024020478</subfield></datafield><datafield ind1='1' ind2='0' tag='600'><subfield code='a'>Atkins, Anna,</subfield><subfield code='d'>1799-1871.</subfield><subfield code='t'>Cyanotypes of British and Foreign Ferns.</subfield></datafield><datafield ind1='1' ind2='7' tag='600'><subfield code='a'>Atkins, Anna,</subfield><subfield code='d'>1799-1871</subfield><subfield code='2'>fast</subfield><subfield code='1'>https://id.oclc.org/worldcat/entity/E39PBJxRHYqTJRrQ6BqXPXyTpP</subfield></datafield><datafield ind1=' ' ind2='7' tag='648'><subfield code='a'>1800-1899</subfield><subfield code='2'>fast</subfield></datafield><datafield ind1=' ' ind2='0' tag='650'><subfield code='a'>Photography</subfield><subfield code='z'>Great Britain</subfield><subfield code='x'>History</subfield><subfield code='y'>19th century.</subfield></datafield><datafield ind1=' ' ind2='0' tag='650'><subfield code='a'>Photography, Artistic.</subfield><subfield code='0'>http://id.loc.gov/authorities/subjects/sh85101269</subfield></datafield><datafield ind1=' ' ind2='0' tag='650'><subfield code='a'>Blueprinting.</subfield><subfield code='0'>http://id.loc.gov/authorities/subjects/sh85015113</subfield></datafield><datafield ind1=' ' ind2='0' tag='650'><subfield code='a'>Cyanotypes.</subfield><subfield code='0'>http://id.loc.gov/authorities/subjects/sh2021005693</subfield></datafield><datafield ind1=' ' ind2='0' tag='650'><subfield code='a'>Cyanotypes</subfield><subfield code='x'>History</subfield><subfield code='y'>19th century.</subfield></datafield><datafield ind1=' ' ind2='0' tag='650'><subfield code='a'>Photograms</subfield><subfield code='x'>History</subfield><subfield code='y'>19th century.</subfield></datafield><datafield ind1=' ' ind2='0' tag='650'><subfield code='a'>Photography, Biological</subfield><subfield code='x'>History</subfield><subfield code='y'>19th century.</subfield></datafield><datafield ind1=' ' ind2='0' tag='650'><subfield code='a'>Algae</subfield><subfield code='z'>Great Britain</subfield><subfield code='v'>Pictorial works.</subfield></datafield><datafield ind1=' ' ind2='0' tag='650'><subfield code='a'>Botanical illustration</subfield><subfield code='x'>History</subfield><subfield code='y'>19th century.</subfield></datafield><datafield ind1=' ' ind2='0' tag='650'><subfield code='a'>Photography</subfield><subfield code='z'>Great Britain</subfield><subfield code='x'>History</subfield><subfield code='y'>19th century</subfield><subfield code='v'>Exhibitions.</subfield></datafield><datafield ind1=' ' ind2='0' tag='650'><subfield code='a'>Photography, Artistic</subfield><subfield code='v'>Exhibitions.</subfield></datafield><datafield ind1=' ' ind2='6' tag='650'><subfield code='a'>Photographie</subfield><subfield code='z'>Grande-Bretagne</subfield><subfield code='x'>Histoire</subfield><subfield code='y'>19e siècle</subfield><subfield code='v'>Expositions.</subfield></datafield><datafield ind1=' ' ind2='6' tag='650'><subfield code='a'>Photographie artistique</subfield><subfield code='v'>Expositions.</subfield></datafield><datafield ind1=' ' ind2='6' tag='650'><subfield code='a'>Photographie</subfield><subfield code='z'>Grande-Bretagne</subfield><subfield code='x'>Histoire</subfield><subfield code='y'>19e siècle.</subfield></datafield><datafield ind1=' ' ind2='6' tag='650'><subfield code='a'>Photogrammes</subfield><subfield code='x'>Histoire</subfield><subfield code='y'>19e siècle.</subfield></datafield><datafield ind1=' ' ind2='6' tag='650'><subfield code='a'>Photographie biologique</subfield><subfield code='x'>Histoire</subfield><subfield code='y'>19e siècle.</subfield></datafield><datafield ind1=' ' ind2='6' tag='650'><subfield code='a'>Illustration botanique</subfield><subfield code='x'>Histoire</subfield><subfield code='y'>19e siècle.</subfield></datafield><datafield ind1=' ' ind2='6' tag='650'><subfield code='a'>Photographie artistique.</subfield></datafield><datafield ind1=' ' ind2='6' tag='650'><subfield code='a'>Cyanotypes.</subfield></datafield><datafield ind1=' ' ind2='6' tag='650'><subfield code='a'>Cyanotypes</subfield><subfield code='x'>Histoire</subfield><subfield code='y'>19e siècle.</subfield></datafield><datafield ind1=' ' ind2='6' tag='650'><subfield code='a'>Cyanotype.</subfield></datafield><datafield ind1=' ' ind2='6' tag='650'><subfield code='a'>Algues</subfield><subfield code='z'>Grande-Bretagne</subfield><subfield code='v'>Ouvrages illustrés.</subfield></datafield><datafield ind1=' ' ind2='7' tag='650'><subfield code='a'>art photography.</subfield><subfield code='2'>aat</subfield></datafield><datafield ind1=' ' ind2='7' tag='650'><subfield code='a'>cyanotypes (photographic prints)</subfield><subfield code='2'>aat</subfield></datafield><datafield ind1=' ' ind2='7' tag='650'><subfield code='a'>blueprint process.</subfield><subfield code='2'>aat</subfield></datafield><datafield ind1=' ' ind2='7' tag='650'><subfield code='a'>21.42 history of photographic art.</subfield><subfield code='0'>(NL-LeOCL)077595203</subfield><subfield code='2'>bcl</subfield></datafield><datafield ind1=' ' ind2='7' tag='650'><subfield code='a'>Photography, Artistic</subfield><subfield code='2'>fast</subfield></datafield><datafield ind1=' ' ind2='7' tag='650'><subfield code='a'>Botanical illustration</subfield><subfield code='2'>fast</subfield></datafield><datafield ind1=' ' ind2='7' tag='650'><subfield code='a'>Blueprinting</subfield><subfield code='2'>fast</subfield></datafield><datafield ind1=' ' ind2='7' tag='650'><subfield code='a'>Photograms</subfield><subfield code='2'>fast</subfield></datafield><datafield ind1=' ' ind2='7' tag='650'><subfield code='a'>Photography</subfield><subfield code='2'>fast</subfield></datafield><datafield ind1=' ' ind2='7' tag='650'><subfield code='a'>Photography, Biological</subfield><subfield code='2'>fast</subfield></datafield><datafield ind1=' ' ind2='7' tag='651'><subfield code='a'>Great Britain</subfield><subfield code='2'>fast</subfield><subfield code='1'>https://id.oclc.org/worldcat/entity/E39PBJdmp7p3cx8hpmJ8HvmTpP</subfield></datafield><datafield ind1=' ' ind2='7' tag='651'><subfield code='a'>England</subfield><subfield code='2'>fast</subfield><subfield code='1'>https://id.oclc.org/worldcat/entity/E39PBJpYDdYvBpjXV6WpybK68C</subfield></datafield><datafield ind1=' ' ind2='4' tag='653'><subfield code='a'>1800-1899</subfield></datafield><datafield ind1='1' ind2=' ' tag='700'><subfield code='a'>Walter, Peter,</subfield><subfield code='e'>editor.</subfield></datafield><datafield ind1='1' ind2=' ' tag='700'><subfield code='a'>Taschen, Benedikt,</subfield><subfield code='e'>editor.</subfield></datafield><datafield ind1=' ' ind2=' ' tag='902'><subfield code='a'>010003898</subfield><subfield code='w'>copy</subfield><subfield code='1'>20231221093928.0</subfield></datafield><datafield ind1=' ' ind2=' ' tag='910'><subfield code='a'>Harrassowitz bibliographic data with order information</subfield><subfield code='b'>559</subfield><subfield code='d'>E</subfield></datafield><datafield ind1=' ' ind2=' ' tag='914'><subfield code='a'>(OCoLC)on1390659748</subfield><subfield code='b'>OCoLC</subfield><subfield code='c'>match</subfield><subfield code='d'>20231227</subfield><subfield code='e'>processed</subfield><subfield code='f'>1390659748</subfield></datafield><datafield ind1=' ' ind2=' ' tag='916'><subfield code='a'>2026-03-12</subfield><subfield code='b'>(OCoLC)1390659748</subfield><subfield code='c'>New collection customer.1791.allpul</subfield><subfield code='d'>99129040245406421</subfield><subfield code='e'>WorldShare Record Update</subfield><subfield code='f'>processed</subfield></datafield><datafield ind1=' ' ind2=' ' tag='960'><subfield code='q'>09-19-23</subfield><subfield code='w'>mul</subfield><subfield code='x'>gw</subfield><subfield code='z'>USD</subfield></datafield><datafield ind1=' ' ind2=' ' tag='961'><subfield code='i'>har230150526</subfield></datafield><datafield ind1=' ' ind2=' ' tag='980'><subfield code='g'>1</subfield><subfield code='h'>06E9994</subfield><subfield code='v'>Harr</subfield></datafield><datafield ind1=' ' ind2=' ' tag='981'><subfield code='a'>107.13</subfield></datafield><datafield ind1=' ' ind2=' ' tag='AVA'><subfield code='0'>99129040245406421</subfield><subfield code='8'>22992837820006421</subfield><subfield code='a'>01PRI_INST</subfield><subfield code='b'>firestone</subfield><subfield code='c'>Stacks</subfield><subfield code='d'>Oversize TR724 .A85 2023q</subfield><subfield code='e'>available</subfield><subfield code='f'>1</subfield><subfield code='g'>0</subfield><subfield code='j'>stacks</subfield><subfield code='k'>0</subfield><subfield code='p'>1</subfield><subfield code='q'>Firestone Library</subfield></datafield></record>