
<record><leader>01212cam a2200337u  4500</leader><controlfield tag='001'>9949735383506421</controlfield><controlfield tag='005'>20250807034440.0</controlfield><controlfield tag='008'>060302s1965    sz o          000 0 ger|d</controlfield><datafield ind1=' ' ind2=' ' tag='035'><subfield code='a'>(idCotsen)91228</subfield></datafield><datafield ind1=' ' ind2=' ' tag='035'><subfield code='9'>(cotsenAccess)167092</subfield></datafield><datafield ind1=' ' ind2=' ' tag='035'><subfield code='a'>(cotsendb)50875</subfield></datafield><datafield ind1=' ' ind2=' ' tag='035'><subfield code='a'>(NjP)4973538-princetondb</subfield></datafield><datafield ind1=' ' ind2=' ' tag='035'><subfield code='z'>(NjP)Voyager4973538</subfield></datafield><datafield ind1=' ' ind2=' ' tag='035'><subfield code='a'>(OCoLC)ocn777772050</subfield></datafield><datafield ind1=' ' ind2=' ' tag='040'><subfield code='a'>NjP</subfield><subfield code='b'>eng</subfield><subfield code='c'>NjP</subfield></datafield><datafield ind1='1' ind2=' ' tag='100'><subfield code='a'>Pochon-Emery, Françoise.</subfield></datafield><datafield ind1='1' ind2='0' tag='245'><subfield code='a'>Anne Ooh /</subfield><subfield code='c'>Françoise Pochon-Emery.</subfield></datafield><datafield ind1=' ' ind2=' ' tag='260'><subfield code='a'>Bern :</subfield><subfield code='b'>Benteli Verlag,</subfield><subfield code='c'>[ca. 1965].</subfield></datafield><datafield ind1=' ' ind2=' ' tag='300'><subfield code='a'>[32] p. :</subfield><subfield code='b'>col. ill. ;</subfield><subfield code='c'>26 cm.</subfield></datafield><datafield ind1=' ' ind2=' ' tag='500'><subfield code='a'>Col. ill. title page.</subfield></datafield><datafield ind1=' ' ind2=' ' tag='563'><subfield code='a'>Glossy, col. ill. boards, lettering in black.</subfield></datafield><datafield ind1=' ' ind2='0' tag='650'><subfield code='a'>Photocollage.</subfield><subfield code='0'>http://id.loc.gov/authorities/subjects/sh93002335</subfield></datafield><datafield ind1=' ' ind2=' ' tag='653'><subfield code='a'>Children--Switzerland.</subfield></datafield><datafield ind1=' ' ind2='7' tag='655'><subfield code='a'>Fiction.</subfield><subfield code='2'>lcgft</subfield></datafield><datafield ind1=' ' ind2=' ' tag='653'><subfield code='a'>Family - Switzerland - Fiction.</subfield></datafield><datafield ind1=' ' ind2='7' tag='655'><subfield code='a'>Photographs.</subfield><subfield code='2'>lcgft</subfield></datafield><datafield ind1=' ' ind2='7' tag='655'><subfield code='a'>Photobooks.</subfield><subfield code='2'>lcgft</subfield></datafield><datafield ind1=' ' ind2=' ' tag='653'><subfield code='a'>Children&apos;s literature.</subfield></datafield><datafield ind1=' ' ind2=' ' tag='914'><subfield code='a'>(OCoLC)ocn777772050</subfield><subfield code='b'>OCoLC</subfield><subfield code='c'>field transfer</subfield><subfield code='d'>20250806</subfield><subfield code='e'>processed</subfield><subfield code='f'>777772050</subfield></datafield><datafield ind1=' ' ind2=' ' tag='919'><subfield code='a'>(OCoLC)ocm67738125</subfield></datafield><datafield ind1=' ' ind2=' ' tag='950'><subfield code='c'>2023-08-10 14:35:11 US/Eastern</subfield><subfield code='b'>2021-07-12 15:59:00 US/Eastern</subfield><subfield code='a'>false</subfield></datafield><datafield ind1=' ' ind2=' ' tag='AVA'><subfield code='0'>9949735383506421</subfield><subfield code='8'>22562952440006421</subfield><subfield code='a'>01PRI_INST</subfield><subfield code='b'>rare</subfield><subfield code='c'>Cotsen Children&apos;s Library</subfield><subfield code='d'>Euro 20 91228</subfield><subfield code='e'>available</subfield><subfield code='f'>1</subfield><subfield code='g'>0</subfield><subfield code='j'>ctsn</subfield><subfield code='k'>8</subfield><subfield code='p'>1</subfield><subfield code='q'>Special Collections</subfield></datafield></record>