
<record><leader>01737cam a2200361 i 4500</leader><controlfield tag='001'>9948156933506421</controlfield><controlfield tag='005'>20260623002251.0</controlfield><controlfield tag='008'>880318r19291928mauaf         000 0deng d</controlfield><datafield ind1=' ' ind2=' ' tag='016'><subfield code='a'>(AMICUS)000007629133</subfield></datafield><datafield ind1='1' ind2=' ' tag='029'><subfield code='a'>NLC</subfield><subfield code='b'>000007629133</subfield></datafield><datafield ind1=' ' ind2=' ' tag='035'><subfield code='a'>(NjP)4815693-princetondb</subfield></datafield><datafield ind1=' ' ind2=' ' tag='035'><subfield code='z'>(NjP)Voyager4815693</subfield></datafield><datafield ind1=' ' ind2=' ' tag='035'><subfield code='a'>(OCoLC)44662391</subfield></datafield><datafield ind1=' ' ind2=' ' tag='040'><subfield code='a'>ZCU</subfield><subfield code='b'>eng</subfield><subfield code='c'>ZCU</subfield><subfield code='d'>NjP</subfield></datafield><datafield ind1=' ' ind2=' ' tag='043'><subfield code='a'>nw-----</subfield></datafield><datafield ind1='0' ind2=' ' tag='050'><subfield code='a'>[E172</subfield><subfield code='b'>.A35 vol.38]</subfield></datafield><datafield ind1='1' ind2=' ' tag='100'><subfield code='a'>Eames, Wilberforce,</subfield><subfield code='d'>1855-1937.</subfield><subfield code='0'>http://id.loc.gov/authorities/names/n50030206</subfield></datafield><datafield ind1='1' ind2='4' tag='245'><subfield code='a'>The Antigua press and Benjamin Mecom, 1748-1765,</subfield><subfield code='c'>by Wilberforce Eames.</subfield></datafield><datafield ind1=' ' ind2=' ' tag='260'><subfield code='a'>Worcester, Mass.,</subfield><subfield code='b'>American Antiquarian Society,</subfield><subfield code='c'>1929.</subfield></datafield><datafield ind1=' ' ind2=' ' tag='300'><subfield code='a'>48 p.</subfield><subfield code='b'>illus., 3 plates</subfield><subfield code='c'>25 cm.</subfield></datafield><datafield ind1=' ' ind2=' ' tag='500'><subfield code='a'>&quot;Reprinted from the Proceedings of the American Antiquarian Society for October, 1928.&quot;</subfield></datafield><datafield ind1=' ' ind2=' ' tag='500'><subfield code='a'>At head of title: American Antiquarian Society.</subfield></datafield><datafield ind1=' ' ind2=' ' tag='500'><subfield code='3'>GA copy:</subfield><subfield code='a'>Presentation copy to Elmer Adler signed by author on cover.</subfield><subfield code='5'>NjP</subfield></datafield><datafield ind1='1' ind2='0' tag='600'><subfield code='a'>Mecom, Benjamin,</subfield><subfield code='d'>1732-approximately 1776.</subfield><subfield code='0'>http://id.loc.gov/authorities/names/n85316987</subfield></datafield><datafield ind1='1' ind2='7' tag='600'><subfield code='a'>Mecom, Benjamin,</subfield><subfield code='d'>1732-approximately 1776</subfield><subfield code='2'>fast</subfield><subfield code='0'>(OCoLC)fst01834155</subfield></datafield><datafield ind1=' ' ind2='0' tag='650'><subfield code='a'>Printing</subfield><subfield code='z'>West Indies</subfield><subfield code='x'>History.</subfield></datafield><datafield ind1=' ' ind2='6' tag='650'><subfield code='a'>Imprimerie</subfield><subfield code='z'>Antilles</subfield><subfield code='x'>Histoire.</subfield></datafield><datafield ind1=' ' ind2='7' tag='650'><subfield code='a'>Printing.</subfield><subfield code='2'>fast</subfield><subfield code='0'>(OCoLC)fst01076612</subfield></datafield><datafield ind1=' ' ind2='7' tag='651'><subfield code='a'>West Indies.</subfield><subfield code='2'>fast</subfield><subfield code='0'>(OCoLC)fst01243265</subfield></datafield><datafield ind1='1' ind2=' ' tag='700'><subfield code='a'>Adler, Elmer,</subfield><subfield code='d'>1884-1962,</subfield><subfield code='e'>former owner.</subfield><subfield code='5'>NjP.</subfield><subfield code='0'>http://id.loc.gov/authorities/names/n84017511</subfield></datafield><datafield ind1=' ' ind2=' ' tag='902'><subfield code='a'>sy</subfield><subfield code='b'>m</subfield><subfield code='6'>a</subfield><subfield code='7'>m</subfield><subfield code='d'>v</subfield><subfield code='f'>1</subfield><subfield code='e'>20060808</subfield></datafield><datafield ind1=' ' ind2=' ' tag='914'><subfield code='a'>(OCoLC)ocm44662391</subfield><subfield code='b'>OCoLC</subfield><subfield code='c'>match</subfield><subfield code='d'>20251105</subfield><subfield code='e'>processed</subfield><subfield code='f'>44662391</subfield></datafield><datafield ind1=' ' ind2=' ' tag='916'><subfield code='a'>2026-03-12</subfield><subfield code='b'>(OCoLC)44662391</subfield><subfield code='c'>New collection customer.1791.allpul</subfield><subfield code='d'>9948156933506421</subfield><subfield code='e'>WorldShare Record Update</subfield><subfield code='f'>processed</subfield></datafield><datafield ind1=' ' ind2=' ' tag='AVA'><subfield code='0'>9948156933506421</subfield><subfield code='8'>22717682500006421</subfield><subfield code='a'>01PRI_INST</subfield><subfield code='b'>rare</subfield><subfield code='c'>Graphic Arts Collection</subfield><subfield code='d'>2006-2468N</subfield><subfield code='e'>available</subfield><subfield code='f'>1</subfield><subfield code='g'>0</subfield><subfield code='j'>ga</subfield><subfield code='k'>8</subfield><subfield code='p'>1</subfield><subfield code='q'>Special Collections</subfield></datafield></record>