
<record><leader>04491nam a2200337 i 4500</leader><controlfield tag='001'>99125195593606421</controlfield><controlfield tag='005'>20240228140322.0</controlfield><controlfield tag='006'>m     o  d</controlfield><controlfield tag='007'>cr |||||||||||</controlfield><controlfield tag='008'>240228s2009    ko      o     000 0 kor d</controlfield><datafield ind1=' ' ind2=' ' tag='020'><subfield code='a'>89-7748-564-9</subfield></datafield><datafield ind1=' ' ind2=' ' tag='035'><subfield code='a'>(CKB)3390000000028746</subfield></datafield><datafield ind1=' ' ind2=' ' tag='035'><subfield code='a'>(NjHacI)993390000000028746</subfield></datafield><datafield ind1=' ' ind2=' ' tag='035'><subfield code='a'>(EXLCZ)993390000000028746</subfield></datafield><datafield ind1=' ' ind2=' ' tag='040'><subfield code='a'>NjHacI</subfield><subfield code='b'>eng</subfield><subfield code='e'>rda</subfield><subfield code='c'>NjHacl</subfield></datafield><datafield ind1=' ' ind2=' ' tag='041'><subfield code='a'>eng</subfield></datafield><datafield ind1=' ' ind2='4' tag='050'><subfield code='a'>NA682.P67</subfield><subfield code='b'>.H986 2009</subfield></datafield><datafield ind1='0' ind2='4' tag='082'><subfield code='a'>724.6</subfield><subfield code='2'>23</subfield></datafield><datafield ind1=' ' ind2=' ' tag='100'><subfield code='a'>현대건축사 편집부</subfield></datafield><datafield ind1='1' ind2='0' tag='245'><subfield code='a'>architects &amp; design - Daniel Libeskind /</subfield><subfield code='c'>Hyundai Architecture Editorial Department.</subfield></datafield><datafield ind1='3' ind2='z' tag='260'><subfield code='b'>CA Press</subfield></datafield><datafield ind1=' ' ind2='1' tag='264'><subfield code='a'>Korea (South) :</subfield><subfield code='b'>현대건축사,</subfield><subfield code='c'>2009.</subfield></datafield><datafield ind1=' ' ind2=' ' tag='300'><subfield code='a'>1 online resource (224 pages)</subfield></datafield><datafield ind1=' ' ind2=' ' tag='336'><subfield code='a'>text</subfield><subfield code='b'>txt</subfield><subfield code='2'>rdacontent</subfield></datafield><datafield ind1=' ' ind2=' ' tag='337'><subfield code='a'>computer</subfield><subfield code='b'>c</subfield><subfield code='2'>rdamedia</subfield></datafield><datafield ind1=' ' ind2=' ' tag='338'><subfield code='a'>online resource</subfield><subfield code='b'>cr</subfield><subfield code='2'>rdacarrier</subfield></datafield><datafield ind1=' ' ind2=' ' tag='588'><subfield code='a'>Description based on publisher supplied metadata and other sources.</subfield></datafield><datafield ind1=' ' ind2=' ' tag='520'><subfield code='a'>『DANIEL LIBESKIND』. 독일 베를린의 &apos;유대인 박물관&apos;은 홀로코스트의 고통과 불안을 적나라하게 드러내면서 날카로운 모서리가 주는 격정적인 외침과 골방으로 올라가면서 느끼는 유태인의 불안을 전달한다. 이처럼 다니엘 리베스킨스의 건축은 그의 건축철학과 이야기를 담고 있다. 그의 건축은 대지의 역사와 문화를 담고, 건축가의 염원과드나드는 이들의 감응이 조화되어 새로운 역동성을 창출한다. 이런 그의 건축물의 사진과 함께 설명을 참고하고 있다.</subfield></datafield><datafield ind1='0' ind2=' ' tag='505'><subfield code='a'>케이프 그레이스 -- MGM 미라지 도시센터 -- 새로운 예술 &amp; 문화?너 -- 크리에이티브 미디어 센터 -- 18.36.54 빌라 -- 군사 역사 박물관 -- 대운하 광장 극장 &amp; 상업단지 -- 도심지 마스터플랜 -- 버러스톤 -- 리플렉션 -- 피에라 밀라노 -- Zlote 44. 주거 타워 -- L 타워 &amp; 소니예술센터 재개발 -- 에디토리얼 브레시아나 타워 -- 해운대 우동 현대 아이파크 -- 용산 국제업무단지 -- 메모리얼 파운데이션 -- COMPLETED PROJECTS -- 왕립 온타리오 박물관 -- 현대 유대인 박물관 -- 북 제국 전쟁 박물관 -- Wohl 센터 -- 런던 시립대학교 대학원 세터 -- 베를린 유대인 박물관 -- 펠릭스 누스바움 미술관 -- 덴버 아트 뮤지엄 -- 웨스트 사이드 -- 뤼블링 브리지 어센트 -- 현대산업개발 신사옥 -- 베유 스튜디오 -- 덴마크 유대인 박물관 -- 911 기념관 메모리아 E루체.</subfield></datafield><datafield ind1=' ' ind2=' ' tag='653'><subfield code='a'>대학교재</subfield></datafield><datafield ind1=' ' ind2=' ' tag='776'><subfield code='z'>8977483613</subfield></datafield><datafield ind1=' ' ind2=' ' tag='776'><subfield code='z'>89-7748-361-1</subfield></datafield><datafield ind1=' ' ind2=' ' tag='906'><subfield code='a'>BOOK</subfield></datafield><datafield ind1=' ' ind2=' ' tag='AVE'><subfield code='8'>53773206970006421</subfield><subfield code='c'>61753486410006421</subfield><subfield code='e'>Available</subfield><subfield code='m'>Nurimedia KRPIA</subfield><subfield code='t'>Nurimedia DBpia</subfield><subfield code='a'>01PRI_INST</subfield><subfield code='0'>99125195593606421</subfield></datafield></record>