
<record><leader>01804cam a2200397 a 4500</leader><controlfield tag='001'>9957989023506421</controlfield><controlfield tag='005'>20240502044611.0</controlfield><controlfield tag='008'>090528s2008    sp a     bc   000 0dspa d</controlfield><datafield ind1=' ' ind2=' ' tag='020'><subfield code='a'>9788488594600</subfield></datafield><datafield ind1=' ' ind2=' ' tag='020'><subfield code='a'>8488594607</subfield></datafield><datafield ind1=' ' ind2=' ' tag='035'><subfield code='a'>(Shamansky) 101055</subfield></datafield><datafield ind1=' ' ind2=' ' tag='035'><subfield code='a'>(NjP)5798902-princetondb</subfield></datafield><datafield ind1=' ' ind2=' ' tag='035'><subfield code='z'>(NjP)Voyager5798902</subfield></datafield><datafield ind1=' ' ind2=' ' tag='035'><subfield code='a'>(OCoLC)ocn436310793</subfield></datafield><datafield ind1=' ' ind2=' ' tag='040'><subfield code='a'>NGA</subfield><subfield code='b'>eng</subfield><subfield code='c'>NGA</subfield></datafield><datafield ind1='0' ind2=' ' tag='041'><subfield code='a'>spa</subfield><subfield code='a'>eng</subfield></datafield><datafield ind1=' ' ind2='7' tag='041'><subfield code='a'>eng</subfield><subfield code='a'>spa</subfield><subfield code='2'>iso639-3</subfield></datafield><datafield ind1=' ' ind2=' ' tag='043'><subfield code='a'>e-ur---</subfield></datafield><datafield ind1=' ' ind2='4' tag='050'><subfield code='a'>TR685</subfield><subfield code='b'>.A76 2008</subfield></datafield><datafield ind1='0' ind2='3' tag='245'><subfield code='a'>Un arma visual :</subfield><subfield code='b'>fotomontajes soviéticos, 1917-1953 /</subfield><subfield code='c'>[organiza, Centro de Fotografia Isla de Tenerife ; comisaria, Olga Sviblova].</subfield></datafield><datafield ind1='3' ind2='0' tag='246'><subfield code='a'>Fotomotajes soviéticos, 1917-1953</subfield></datafield><datafield ind1=' ' ind2=' ' tag='260'><subfield code='a'>[Santa Cruz de Tenerife] :</subfield><subfield code='b'>Organismo Autónomo de Museos y Centros, Cabildo Insular de Tenerife,</subfield><subfield code='c'>[2008]</subfield></datafield><datafield ind1=' ' ind2=' ' tag='300'><subfield code='a'>162 p. :</subfield><subfield code='b'>chiefly ill. (some col.) ;</subfield><subfield code='c'>27 cm.</subfield></datafield><datafield ind1=' ' ind2=' ' tag='500'><subfield code='a'>Catalog of an exhibition held at TEA, Tenerife Espacio de las Artes, Santa Cruz de Tenerife, Oct. 8, 2008-Jan. 18, 2009.</subfield></datafield><datafield ind1=' ' ind2=' ' tag='546'><subfield code='a'>Spanish and English.</subfield></datafield><datafield ind1=' ' ind2=' ' tag='504'><subfield code='a'>Includes bibliographical references.</subfield></datafield><datafield ind1=' ' ind2='0' tag='650'><subfield code='a'>Photomontage</subfield><subfield code='z'>Soviet Union</subfield><subfield code='v'>Exhibitions.</subfield></datafield><datafield ind1=' ' ind2='0' tag='650'><subfield code='a'>Photocollage</subfield><subfield code='z'>Soviet Union</subfield><subfield code='v'>Exhibitions.</subfield></datafield><datafield ind1='1' ind2=' ' tag='700'><subfield code='a'>Sviblova, Olga.</subfield></datafield><datafield ind1='2' ind2=' ' tag='710'><subfield code='a'>TEA Tenerife Espacio de las Artes.</subfield><subfield code='0'>http://id.loc.gov/authorities/names/n2010062774</subfield></datafield><datafield ind1='2' ind2=' ' tag='710'><subfield code='a'>Centro de Fotografía Isla de Tenerife.</subfield><subfield code='0'>http://id.loc.gov/authorities/names/nr93048149</subfield></datafield><datafield ind1='2' ind2=' ' tag='710'><subfield code='a'>Organismo Autónomo de Museos y Centros del Cabildo de Tenerife.</subfield><subfield code='0'>http://id.loc.gov/authorities/names/no00075684</subfield></datafield><datafield ind1=' ' ind2=' ' tag='902'><subfield code='a'>of</subfield><subfield code='b'>m</subfield><subfield code='6'>a</subfield><subfield code='7'>m</subfield><subfield code='d'>v</subfield><subfield code='f'>1</subfield><subfield code='e'>20090915</subfield></datafield><datafield ind1=' ' ind2=' ' tag='904'><subfield code='a'>jar</subfield><subfield code='b'>a</subfield><subfield code='h'>m</subfield><subfield code='c'>b</subfield><subfield code='e'>20090610</subfield></datafield><datafield ind1=' ' ind2=' ' tag='914'><subfield code='a'>(OCoLC)ocn436310793</subfield><subfield code='b'>OCoLC</subfield><subfield code='c'>match</subfield><subfield code='d'>20240501</subfield><subfield code='e'>processed</subfield><subfield code='f'>436310793</subfield></datafield><datafield ind1=' ' ind2=' ' tag='999'><subfield code='a'>5798902</subfield></datafield><datafield ind1=' ' ind2=' ' tag='AVA'><subfield code='0'>9957989023506421</subfield><subfield code='8'>22534290110006421</subfield><subfield code='a'>01PRI_INST</subfield><subfield code='b'>marquand</subfield><subfield code='c'>Remote Storage (ReCAP): Marquand Library Use Only</subfield><subfield code='d'>TR685 .A76 2008</subfield><subfield code='e'>available</subfield><subfield code='f'>1</subfield><subfield code='g'>0</subfield><subfield code='j'>pj</subfield><subfield code='k'>0</subfield><subfield code='p'>1</subfield><subfield code='q'>Marquand Library</subfield></datafield></record>