
<record><leader>06563nam a2200409 i 4500</leader><controlfield tag='001'>99125352354006421</controlfield><controlfield tag='005'>20240822125055.0</controlfield><controlfield tag='006'>m     o  d |</controlfield><controlfield tag='007'>cr#un#|||uuuuu</controlfield><controlfield tag='008'>140801t20142014inua    o     001 0 eng d</controlfield><datafield ind1=' ' ind2=' ' tag='020'><subfield code='a'>9781118825044 : (ebk : EbookCentral)</subfield></datafield><datafield ind1=' ' ind2=' ' tag='035'><subfield code='a'>(MiAaPQ)EBC1740753</subfield></datafield><datafield ind1=' ' ind2=' ' tag='035'><subfield code='a'>(Au-PeEL)EBL1740753</subfield></datafield><datafield ind1=' ' ind2=' ' tag='035'><subfield code='a'>(CaPaEBR)ebr10895737</subfield></datafield><datafield ind1=' ' ind2=' ' tag='035'><subfield code='a'>(CaONFJC)MIL627089</subfield></datafield><datafield ind1=' ' ind2=' ' tag='035'><subfield code='a'>(OCoLC)883892214</subfield></datafield><datafield ind1=' ' ind2=' ' tag='035'><subfield code='a'>(PPN)193283395</subfield></datafield><datafield ind1=' ' ind2=' ' tag='035'><subfield code='a'>(CKB)3710000000187044</subfield></datafield><datafield ind1=' ' ind2=' ' tag='035'><subfield code='a'>(BIP)49335771</subfield></datafield><datafield ind1=' ' ind2=' ' tag='035'><subfield code='a'>(EXLCZ)993710000000187044</subfield></datafield><datafield ind1=' ' ind2=' ' tag='040'><subfield code='a'>MiAaPQ</subfield><subfield code='b'>eng</subfield><subfield code='e'>rda</subfield><subfield code='e'>pn</subfield><subfield code='c'>MiAaPQ</subfield><subfield code='d'>MiAaPQ</subfield></datafield><datafield ind1=' ' ind2='4' tag='050'><subfield code='a'>QA76.76.C68</subfield><subfield code='b'>.A786 2014</subfield></datafield><datafield ind1='0' ind2=' ' tag='082'><subfield code='a'>005.84</subfield><subfield code='2'>23</subfield></datafield><datafield ind1='0' ind2='4' tag='245'><subfield code='a'>The art of memory forensics :</subfield><subfield code='b'>detecting malware and threats in Windows, Linux, and Mac Memory /</subfield><subfield code='c'>Michael Hale Ligh [and four others].</subfield></datafield><datafield ind1=' ' ind2=' ' tag='250'><subfield code='a'>1st ed.</subfield></datafield><datafield ind1=' ' ind2='1' tag='264'><subfield code='a'>Indianapolis, Indiana :</subfield><subfield code='b'>Wiley,</subfield><subfield code='c'>2014.</subfield></datafield><datafield ind1=' ' ind2='4' tag='264'><subfield code='c'>2014</subfield></datafield><datafield ind1=' ' ind2=' ' tag='300'><subfield code='a'>xxiii, 886p. ;</subfield><subfield code='b'>ill.</subfield></datafield><datafield ind1=' ' ind2=' ' tag='336'><subfield code='a'>text</subfield><subfield code='2'>rdacontent</subfield></datafield><datafield ind1=' ' ind2=' ' tag='337'><subfield code='a'>computer</subfield><subfield code='2'>rdamedia</subfield></datafield><datafield ind1=' ' ind2=' ' tag='338'><subfield code='a'>online resource</subfield><subfield code='2'>rdacarrier</subfield></datafield><datafield ind1=' ' ind2=' ' tag='500'><subfield code='a'>Includes index.</subfield></datafield><datafield ind1='0' ind2=' ' tag='505'><subfield code='a'>Intro -- Acknowledgments -- Introduction -- Part I: An Introduction to Memory Forensics -- Chapter 1: Systems Overview -- Digital Environment -- PC Architecture -- Operating Systems -- Process Management -- Memory Management -- File System -- I/O Subsystem -- Summary -- Chapter 2: Data Structures -- Basic Data Types -- Summary -- Chapter 3: The Volatility Framework -- Why Volatility? -- What Volatility Is Not -- Installation -- The Framework -- Using Volatility -- Summary -- Chapter 4: Memory Acquisition -- Preserving the Digital Environment -- Software Tools -- Memory Dump Formats -- Converting Memory Dumps -- Volatile Memory on Disk -- Summary -- Part II: Windows Memory Forensics -- Chapter 5: Windows Objects and Pool Allocations -- Windows Executive Objects -- Pool-Tag Scanning -- Limitations of Pool Scanning -- Big Page Pool -- Pool-scanning Alternatives -- Summary -- Chapter 6: Processes, Handles, and Tokens -- Processes -- Process Tokens -- Privileges -- Process Handles -- Enumerating Handles in Memory -- Summary -- Chapter 7: Process Memory Internals -- What&apos;s in Process Memory? -- Enumerating Process Memory -- Summary -- Chapter 8: Hunting Malware in Process Memory -- Process Environment Block -- PE Files in Memory -- Packing and Compression -- Code Injection -- Summary -- Chapter 9: Event Logs -- Event Logs in Memory -- Real Case Examples -- Summary -- Chapter 10: Registry in Memory -- Windows Registry Analysis -- Volatility&apos;s Registry API -- Parsing Userassist Keys -- Detecting Malware with the Shimcache -- Reconstructing Activities with Shellbags -- Dumping Password Hashes -- Obtaining LSA Secrets -- Summary -- Chapter 11: Networking -- Network Artifacts -- Hidden Connections -- Raw Sockets and Sniffers -- Next Generation TCP/IP Stack -- Internet History -- DNS Cache Recovery -- Summary -- Chapter 12: Windows Services.</subfield></datafield><datafield ind1='8' ind2=' ' tag='505'><subfield code='a'>Service Architecture -- Installing Services -- Tricks and Stealth -- Investigating Service Activity -- Summary -- Chapter 13: Kernel Forensics and Rootkits -- Kernel Modules -- Modules in Memory Dumps -- Threads in Kernel Mode -- Driver Objects and IRPs -- Device Trees -- Auditing the SSDT -- Kernel Callbacks -- Kernel Timers -- Putting It All Together -- Summary -- Chapter 14: Windows GUI Subsystem, Part I -- The GUI Landscape -- GUI Memory Forensics -- The Session Space -- Window Stations -- Desktops -- Atoms and Atom Tables -- Windows -- Summary -- Chapter 15: Windows GUI Subsystem, Part II -- Window Message Hooks -- User Handles -- Event Hooks -- Windows Clipboard -- Case Study: ACCDFISA Ransomware -- Summary -- Chapter 16: Disk Artifacts in Memory -- Master File Table -- Extracting Files -- Defeating TrueCrypt Disk Encryption -- Summary -- Chapter 17: Event Reconstruction -- Strings -- Command History -- Summary -- Chapter 18: Timelining -- Finding Time in Memory -- Generating Timelines -- Gh0st in the Enterprise -- Summary -- Part III: Linux Memory Forensics -- Chapter 19: Linux Memory Acquisition -- Historical Methods of Acquisition -- Modern Acquisition -- Volatility Linux Profiles -- Summary -- Chapter 20: Linux Operating System -- ELF Files -- Linux Data Structures -- Linux Address Translation -- procfs and sysfs -- Compressed Swap -- Summary -- Chapter 21: Processes and Process Memory -- Processes in Memory -- Enumerating Processes -- Process Address Space -- Process Environment Variables -- Open File Handles -- Saved Context State -- Bash Memory Analysis -- Summary -- Chapter 22: Networking Artifacts -- Network Socket File Descriptors -- Network Connections -- Queued Network Packets -- Network Interfaces -- The Route Cache -- ARP Cache -- Summary -- Chapter 23: Kernel Memory Artifacts -- Physical Memory Maps -- Virtual Memory Maps.</subfield></datafield><datafield ind1='8' ind2=' ' tag='505'><subfield code='a'>Kernel Debug Buffer -- Loaded Kernel Modules -- Summary -- Chapter 24: File Systems in Memory -- Mounted File Systems -- Listing Files and Directories -- Extracting File Metadata -- Recovering File Contents -- Summary -- Chapter 25: Userland Rootkits -- Shellcode Injection -- Process Hollowing -- Shared Library Injection -- LD_PRELOAD Rootkits -- GOT/PLT Overwrites -- Inline Hooking -- Summary -- Chapter 26: Kernel Mode Rootkits -- Accessing Kernel Mode -- Hidden Kernel Modules -- Hidden Processes -- Elevating Privileges -- System Call Handler Hooks -- Keyboard Notifiers -- TTY Handlers -- Network Protocol Structures -- Netfilter Hooks -- File Operations -- Inline Code Hooks -- Summary -- Chapter 27: Case Study: Phalanx2 -- Phalanx2 -- Phalanx2 Memory Analysis -- Reverse Engineering Phalanx2 -- Final Thoughts on Phalanx2 -- Summary -- Part IV: Mac Memory Forensics -- Chapter 28: Mac Acquisition and Internals -- Mac Design -- Memory Acquisition -- Mac Volatility Profiles -- Mach-O Executable Format -- Summary -- Chapter 29: Mac Memory Overview -- Mac versus Linux Analysis -- Process Analysis -- Address Space Mappings -- Networking Artifacts -- SLAB Allocator -- Recovering File Systems from Memory -- Loaded Kernel Extensions -- Other Mac Plugins -- Mac Live Forensics -- Summary -- Chapter 30: Malicious Code and Rootkits -- Userland Rootkit Analysis -- Kernel Rootkit Analysis -- Common Mac Malware in Memory -- Summary -- Chapter 31: Tracking User Activity -- Keychain Recovery -- Mac Application Analysis -- Summary -- Index.</subfield></datafield><datafield ind1=' ' ind2=' ' tag='520'><subfield code='a'>Memory forensics provides cutting edge technology to help investigate digital attacks Memory forensics is the art of analyzing computer memory (RAM) to solve digital crimes. As a follow-up to the best seller Malware Analyst&apos;s Cookbook, experts in the fields of malware, security, and digital forensics bring you a step-by-step guide to memory forensics--now the most sought after skill in the digital forensics and incident response fields. Beginning with introductory concepts and moving toward the advanced, The Art of Memory Forensics: Detecting Malware and Threats in Windows, Linux, and Mac Memory is based on a five day training course that the authors have presented to hundreds of students. It is the only book on the market that focuses exclusively on memory forensics and how to deploy such techniques properly. Discover memory forensics techniques:  How volatile memory analysis improves digital investigations Proper investigative steps for detecting stealth malware and advanced threats How to use free, open source tools for conducting thorough memory forensics Ways to acquire memory from suspect systems in a forensically sound manner  The next era of malware and security breaches are more sophisticated and targeted, and the volatile memory of a computer is often overlooked or destroyed as part of the incident response process. The Art of Memory Forensics explains the latest technological innovations in digital forensics to help bridge this gap. It covers the most popular and recently released versions of Windows, Linux, and Mac, including both the 32 and 64-bit editions.</subfield></datafield><datafield ind1=' ' ind2=' ' tag='588'><subfield code='a'>Description based on print version record.</subfield></datafield><datafield ind1=' ' ind2='0' tag='650'><subfield code='a'>Malware (Computer software)</subfield></datafield><datafield ind1=' ' ind2='0' tag='650'><subfield code='a'>Computer security.</subfield></datafield><datafield ind1='1' ind2=' ' tag='700'><subfield code='a'>Ligh, Michael Hale,</subfield><subfield code='e'>author.</subfield></datafield><datafield ind1=' ' ind2=' ' tag='AVE'><subfield code='8'>53893472750006421</subfield><subfield code='c'>61889859990006421</subfield><subfield code='e'>Available</subfield><subfield code='m'>Ebook Central Perpetual, DDA and Subscription Titles</subfield><subfield code='t'>Ebook Central</subfield><subfield code='a'>01PRI_INST</subfield><subfield code='0'>99125352354006421</subfield></datafield></record>