
<record><leader>00663nam a22001695i 4500</leader><controlfield tag='001'>99127979909806421</controlfield><controlfield tag='005'>20240610160923.0</controlfield><controlfield tag='008'>230728s1756    aq            000 0 eng d</controlfield><datafield ind1=' ' ind2=' ' tag='035'><subfield code='a'>(ProjectOmega)9912797990980</subfield></datafield><datafield ind1=' ' ind2=' ' tag='040'><subfield code='a'>NjP</subfield><subfield code='b'>eng</subfield><subfield code='e'>rda</subfield><subfield code='c'>NjP</subfield></datafield><datafield ind1='0' ind2='0' tag='245'><subfield code='a'>Articles of the Union Fire Company, in the town of St. John, Antigua. The thirteenth day of September in the year of our Lord 1756.</subfield></datafield><datafield ind1=' ' ind2='1' tag='264'><subfield code='a'>[St. John] :</subfield><subfield code='b'>[Benjamin Mecom],</subfield><subfield code='c'>[1756].</subfield></datafield><datafield ind1=' ' ind2=' ' tag='300'><subfield code='a'>1 sheet ;</subfield><subfield code='c'>44 x 37 cm</subfield></datafield><datafield ind1=' ' ind2=' ' tag='336'><subfield code='a'>text</subfield><subfield code='b'>txt</subfield><subfield code='2'>rdacontent</subfield></datafield><datafield ind1=' ' ind2=' ' tag='337'><subfield code='a'>unmediated</subfield><subfield code='b'>n</subfield><subfield code='2'>rdamedia</subfield></datafield><datafield ind1=' ' ind2=' ' tag='338'><subfield code='a'>volume</subfield><subfield code='b'>nc</subfield><subfield code='2'>rdacarrier</subfield></datafield><datafield ind1='1' ind2=' ' tag='700'><subfield code='a'>Mecom, Benjamin,‏ ‎</subfield><subfield code='d'>1732-approximately 1776,</subfield><subfield code='e'>printer.</subfield></datafield><datafield ind1=' ' ind2=' ' tag='AVA'><subfield code='0'>99127979909806421</subfield><subfield code='8'>22988812240006421</subfield><subfield code='a'>01PRI_INST</subfield><subfield code='b'>rare</subfield><subfield code='c'>Rare Books</subfield><subfield code='d'>Flat file 3, drawer 1, Alma-57272</subfield><subfield code='e'>unavailable</subfield><subfield code='f'>1</subfield><subfield code='g'>1</subfield><subfield code='j'>hsvr</subfield><subfield code='k'>8</subfield><subfield code='p'>1</subfield><subfield code='q'>Special Collections</subfield></datafield></record>