
<record><leader>01565cam a2200385 a 4500</leader><controlfield tag='001'>997712953506421</controlfield><controlfield tag='005'>20260619133532.0</controlfield><controlfield tag='008'>921123s1990    nyu      b    000 0 eng d</controlfield><datafield ind1=' ' ind2=' ' tag='019'><subfield code='a'>27063339</subfield></datafield><datafield ind1='1' ind2=' ' tag='029'><subfield code='a'>NLGGC</subfield><subfield code='b'>058135103</subfield></datafield><datafield ind1=' ' ind2=' ' tag='035'><subfield code='a'>(CStRLIN)NJPG92-B64902</subfield></datafield><datafield ind1=' ' ind2=' ' tag='035'><subfield code='9'>ADQ2254TS</subfield></datafield><datafield ind1=' ' ind2=' ' tag='035'><subfield code='a'>(NjP)771295-princetondb</subfield></datafield><datafield ind1=' ' ind2=' ' tag='035'><subfield code='z'>(NjP)Voyager771295</subfield></datafield><datafield ind1=' ' ind2=' ' tag='035'><subfield code='a'>(OCoLC)24327488</subfield></datafield><datafield ind1=' ' ind2=' ' tag='040'><subfield code='a'>CBGTU</subfield><subfield code='b'>eng</subfield><subfield code='c'>CBGTU</subfield></datafield><datafield ind1=' ' ind2='4' tag='050'><subfield code='a'>F1419.A84</subfield><subfield code='b'>L4 1990</subfield></datafield><datafield ind1='1' ind2=' ' tag='100'><subfield code='a'>Leon, Lamgen.</subfield><subfield code='0'>http://id.loc.gov/authorities/names/nr92039283</subfield></datafield><datafield ind1='1' ind2='0' tag='245'><subfield code='a'>Asians in Latin America and the Caribbean :</subfield><subfield code='b'>a bibliography /</subfield><subfield code='c'>Lamgen Leon.</subfield></datafield><datafield ind1=' ' ind2=' ' tag='260'><subfield code='a'>New York :</subfield><subfield code='b'>Asian/American Center, Queens College,</subfield><subfield code='c'>1990.</subfield></datafield><datafield ind1=' ' ind2=' ' tag='300'><subfield code='a'>149 p. ;</subfield><subfield code='c'>28 cm.</subfield></datafield><datafield ind1='1' ind2=' ' tag='490'><subfield code='a'>Asian/American Center working papers</subfield></datafield><datafield ind1=' ' ind2='0' tag='650'><subfield code='a'>Asians</subfield><subfield code='z'>Latin America</subfield><subfield code='v'>Bibliography.</subfield></datafield><datafield ind1=' ' ind2='0' tag='650'><subfield code='a'>Asians</subfield><subfield code='z'>Caribbean Area</subfield><subfield code='v'>Bibliography.</subfield></datafield><datafield ind1=' ' ind2='6' tag='650'><subfield code='a'>Asiatiques</subfield><subfield code='z'>Amérique latine</subfield><subfield code='v'>Bibliographie.</subfield></datafield><datafield ind1=' ' ind2='6' tag='650'><subfield code='a'>Asiatiques</subfield><subfield code='z'>Caraïbes (Région)</subfield><subfield code='v'>Bibliographie.</subfield></datafield><datafield ind1=' ' ind2='7' tag='650'><subfield code='a'>Asians</subfield><subfield code='2'>fast</subfield></datafield><datafield ind1=' ' ind2='7' tag='651'><subfield code='a'>Caribbean Area</subfield><subfield code='2'>fast</subfield></datafield><datafield ind1=' ' ind2='7' tag='651'><subfield code='a'>Latin America</subfield><subfield code='2'>fast</subfield></datafield><datafield ind1='2' ind2=' ' tag='810'><subfield code='a'>Asian/American Center (Queens College (New York, N.Y.)).</subfield><subfield code='t'>Working papers.</subfield></datafield><datafield ind1=' ' ind2=' ' tag='911'><subfield code='a'>19921203</subfield></datafield><datafield ind1=' ' ind2=' ' tag='912'><subfield code='a'>19921123000000.0</subfield></datafield><datafield ind1=' ' ind2=' ' tag='914'><subfield code='a'>(OCoLC)ocm24327488</subfield><subfield code='b'>OCoLC</subfield><subfield code='c'>match</subfield><subfield code='d'>20240508</subfield><subfield code='e'>processed</subfield><subfield code='f'>24327488</subfield></datafield><datafield ind1=' ' ind2=' ' tag='916'><subfield code='a'>2026-03-12</subfield><subfield code='b'>(OCoLC)24327488</subfield><subfield code='c'>New collection customer.1791.allpul</subfield><subfield code='d'>997712953506421</subfield><subfield code='e'>WorldShare Record Update</subfield><subfield code='f'>processed</subfield></datafield><datafield ind1=' ' ind2=' ' tag='998'><subfield code='a'>11/23/92</subfield><subfield code='s'>9116</subfield><subfield code='n'>NjP</subfield><subfield code='w'>CGTT91B24110</subfield><subfield code='d'>11/23/92</subfield><subfield code='c'>DF</subfield><subfield code='b'>MR</subfield><subfield code='i'>921123</subfield><subfield code='l'>NJPG</subfield></datafield><datafield ind1=' ' ind2=' ' tag='AVA'><subfield code='0'>997712953506421</subfield><subfield code='8'>22596009990006421</subfield><subfield code='a'>01PRI_INST</subfield><subfield code='b'>firestone</subfield><subfield code='c'>Stacks</subfield><subfield code='d'>Z1609.O7 L466 1990</subfield><subfield code='e'>available</subfield><subfield code='f'>1</subfield><subfield code='g'>0</subfield><subfield code='j'>stacks</subfield><subfield code='k'>0</subfield><subfield code='p'>1</subfield><subfield code='q'>Firestone Library</subfield></datafield></record>