
<record><leader>02647cac a22004337i 4500</leader><controlfield tag='001'>99107996553506421</controlfield><controlfield tag='005'>20240816105045.0</controlfield><controlfield tag='008'>180508s20172018nyua     c    000 0 eng d</controlfield><datafield ind1=' ' ind2=' ' tag='035'><subfield code='a'>(NjP)10799655-princetondb</subfield></datafield><datafield ind1=' ' ind2=' ' tag='035'><subfield code='a'>(OCoLC)on1340381042</subfield></datafield><datafield ind1=' ' ind2=' ' tag='035'><subfield code='z'>(NjP)Voyager10799655</subfield></datafield><datafield ind1=' ' ind2=' ' tag='040'><subfield code='a'>NjP</subfield><subfield code='b'>eng</subfield><subfield code='e'>rda</subfield><subfield code='c'>NjP</subfield></datafield><datafield ind1='2' ind2=' ' tag='110'><subfield code='a'>Christie, Manson &amp; Woods International Inc.</subfield><subfield code='e'>author.</subfield><subfield code='0'>http://id.loc.gov/authorities/names/n78030892</subfield></datafield><datafield ind1='1' ind2='0' tag='245'><subfield code='a'>[Auction catalogs-10] /</subfield><subfield code='c'>Christie&apos;s, New York.</subfield></datafield><datafield ind1=' ' ind2='1' tag='264'><subfield code='a'>New York :</subfield><subfield code='b'>Christie&apos;s,</subfield><subfield code='c'>2017-2018</subfield></datafield><datafield ind1=' ' ind2=' ' tag='300'><subfield code='a'>12 boxes :</subfield><subfield code='b'>color illustrations ;</subfield><subfield code='c'>27 cm</subfield></datafield><datafield ind1=' ' ind2=' ' tag='336'><subfield code='a'>still image</subfield><subfield code='2'>rdacontent</subfield></datafield><datafield ind1=' ' ind2=' ' tag='336'><subfield code='a'>text</subfield><subfield code='2'>rdacontent</subfield></datafield><datafield ind1=' ' ind2=' ' tag='337'><subfield code='a'>unmediated</subfield><subfield code='2'>rdamedia</subfield></datafield><datafield ind1=' ' ind2=' ' tag='338'><subfield code='a'>volume</subfield><subfield code='2'>rdacarrier</subfield></datafield><datafield ind1=' ' ind2=' ' tag='500'><subfield code='a'>For further details on Christie&apos;s New York auction catalogs located at Marquand Library of Art and Archaeology, consult http://library.princeton.edu/marquand/resources/sales-catalogs</subfield></datafield><datafield ind1='0' ind2=' ' tag='505'><subfield code='a'>box 117. 01/20/2017 01/20/2017 01/24/2017 03/1/2017 03/3/2017 3/14/2017 3/14/2017 3/15/2017 3/15/2017</subfield></datafield><datafield ind1='0' ind2=' ' tag='505'><subfield code='a'>box 118. 3/16/2017 3/16/2017 3/17/2017 04/6/2017 04/6/2017 04/19-20/2017 04/25/2017 04/27/2017 04/27/2017 04/28/2017</subfield></datafield><datafield ind1='0' ind2=' ' tag='505'><subfield code='a'>box 119. 5/4/2017 5/15/2017 5/16/2017 5/17-24/2017 5/19/2017 5/23/2017 5/23/2017</subfield></datafield><datafield ind1='0' ind2=' ' tag='505'><subfield code='a'>box 120. 9/12/2017 9/13/2017 9/13/2017 9/14/2017 9/14/2017 9/14-15/2017 9/20/2017 9/26-27/2017</subfield></datafield><datafield ind1='0' ind2=' ' tag='505'><subfield code='a'>box 121. 10/5/2017 10/10/2017 10/10/2017 10/10/2017 10/24-25/2017 10/31/2017 10/31/2017 11/13-15/2017 11/13/2017</subfield></datafield><datafield ind1='0' ind2=' ' tag='505'><subfield code='a'>box 122. 11/14/2017 11/14-21/2017 11/15/2017 11/16/2017</subfield></datafield><datafield ind1='0' ind2=' ' tag='505'><subfield code='a'>box 123. 11/16/2017 11/21/2017 1/30/2018 2/13/2018 2/28/2018 3/20/2018 3/21/2018 3/22/2018 3/22/2018</subfield></datafield><datafield ind1='0' ind2=' ' tag='505'><subfield code='a'>box 124. 3/22-23/2018 4/6/2018 4/6/2018 4/18/2018 4/18/2018 4/18/2018 4/19/2018 4/19/2018</subfield></datafield><datafield ind1='0' ind2=' ' tag='505'><subfield code='a'>box 125. 4/19-20/2018 4/20/2018 5/10/2018 5/15/2018 5/16/2018 5/17/2018</subfield></datafield><datafield ind1='0' ind2=' ' tag='505'><subfield code='a'>box 126. 5/17/2018 5/18/2018 5/18/2018 5/22/2018 9/11/2018 9/12/2018</subfield></datafield><datafield ind1='0' ind2=' ' tag='505'><subfield code='a'>box 127. 9/12/2018 9/13/2018 9/13/2018 9/13/2018 9/13-14/2018 10/4-5/2018 10/5/2018</subfield></datafield><datafield ind1='0' ind2=' ' tag='505'><subfield code='a'>box 128. 10/23-25/2018 10/30/2018 10/31/2018 10/31/2018 10/31/2018 11/12/2018</subfield></datafield><datafield ind1='2' ind2='0' tag='610'><subfield code='a'>Christie, Manson &amp; Woods International Inc.</subfield><subfield code='t'>Public auction sale.</subfield></datafield><datafield ind1=' ' ind2='0' tag='650'><subfield code='a'>Art auctions</subfield><subfield code='v'>Catalogs.</subfield><subfield code='0'>http://id.loc.gov/authorities/subjects/sh2009115701</subfield></datafield><datafield ind1=' ' ind2='0' tag='650'><subfield code='a'>Auction catalogs.</subfield><subfield code='0'>http://id.loc.gov/authorities/subjects/sh2003009288</subfield></datafield><datafield ind1=' ' ind2='7' tag='655'><subfield code='a'>Catalogs.</subfield><subfield code='2'>lcgft</subfield><subfield code='0'>http://id.loc.gov/authorities/genreForms/gf2014026057</subfield></datafield><datafield ind1=' ' ind2=' ' tag='902'><subfield code='a'>rs</subfield><subfield code='b'>o</subfield><subfield code='6'>a</subfield><subfield code='7'>c</subfield><subfield code='d'>v</subfield><subfield code='f'>0</subfield><subfield code='e'>20180508</subfield></datafield><datafield ind1=' ' ind2=' ' tag='914'><subfield code='a'>(OCoLC)on1340381042</subfield><subfield code='b'>OCoLC</subfield><subfield code='c'>create</subfield><subfield code='d'>20221117</subfield><subfield code='e'>processed</subfield><subfield code='f'>1340381042</subfield></datafield><datafield ind1=' ' ind2=' ' tag='AVA'><subfield code='0'>99107996553506421</subfield><subfield code='8'>22538143730006421</subfield><subfield code='a'>01PRI_INST</subfield><subfield code='b'>marquand</subfield><subfield code='c'>Remote Storage (ReCAP): Marquand Library Use Only</subfield><subfield code='d'>Christie&apos;s New York-10</subfield><subfield code='e'>available</subfield><subfield code='f'>12</subfield><subfield code='g'>0</subfield><subfield code='j'>pj</subfield><subfield code='k'>8</subfield><subfield code='p'>1</subfield><subfield code='q'>Marquand Library</subfield><subfield code='t'>Box 117-Box 128</subfield><subfield code='t'></subfield></datafield></record>