
<record><leader>01754cac a22003377i 4500</leader><controlfield tag='001'>99116538133506421</controlfield><controlfield tag='005'>20250408153122.0</controlfield><controlfield tag='008'>191015s20199999nyua     c    000 0 eng d</controlfield><datafield ind1=' ' ind2=' ' tag='035'><subfield code='a'>(NjP)11653813-princetondb</subfield></datafield><datafield ind1=' ' ind2=' ' tag='035'><subfield code='a'>(OCoLC)on1340432884</subfield></datafield><datafield ind1=' ' ind2=' ' tag='035'><subfield code='z'>(NjP)Voyager11653813</subfield></datafield><datafield ind1=' ' ind2=' ' tag='040'><subfield code='a'>NjP</subfield><subfield code='b'>eng</subfield><subfield code='e'>rda</subfield><subfield code='c'>NjP</subfield></datafield><datafield ind1='2' ind2=' ' tag='110'><subfield code='a'>Christie, Manson &amp; Woods International Inc.</subfield><subfield code='e'>author.</subfield><subfield code='0'>http://id.loc.gov/authorities/names/n78030892</subfield></datafield><datafield ind1='1' ind2='0' tag='245'><subfield code='a'>[Auction catalogs-11] /</subfield><subfield code='c'>Christie&apos;s, New York.</subfield></datafield><datafield ind1=' ' ind2='1' tag='264'><subfield code='a'>New York :</subfield><subfield code='b'>Christie&apos;s,</subfield><subfield code='c'>2019-</subfield></datafield><datafield ind1=' ' ind2=' ' tag='300'><subfield code='a'>boxes :</subfield><subfield code='b'>color illustrations ;</subfield><subfield code='c'>27 cm</subfield></datafield><datafield ind1=' ' ind2=' ' tag='336'><subfield code='a'>still image</subfield><subfield code='2'>rdacontent</subfield></datafield><datafield ind1=' ' ind2=' ' tag='336'><subfield code='a'>text</subfield><subfield code='2'>rdacontent</subfield></datafield><datafield ind1=' ' ind2=' ' tag='337'><subfield code='a'>unmediated</subfield><subfield code='2'>rdamedia</subfield></datafield><datafield ind1=' ' ind2=' ' tag='338'><subfield code='a'>volume</subfield><subfield code='2'>rdacarrier</subfield></datafield><datafield ind1=' ' ind2=' ' tag='500'><subfield code='a'>For further details on Christie&apos;s New York auction catalogs located at Marquand Library of Art and Archaeology, consult http://library.princeton.edu/marquand/resources/sales-catalogs</subfield></datafield><datafield ind1='0' ind2=' ' tag='505'><subfield code='a'>box 129. 1/31/2019 3/19/2019 3/19/2019 3/20/2019 3/22/2019 3/22/2019 4/2/2019 4/2/2019</subfield></datafield><datafield ind1='0' ind2=' ' tag='505'><subfield code='a'>box 130. 4/2/2019 4/17-18/2019 5/1/2019 5/1/2019 9/11/2019 9/12/2019 9/13/2019</subfield></datafield><datafield ind1='0' ind2=' ' tag='505'><subfield code='a'>box 131. 10/2/2019 10/2/2019 10/22-23/2019 10/29/2019 10/29/2019 10/29/2019</subfield></datafield><datafield ind1='0' ind2=' ' tag='505'><subfield code='a'>box 132. 1/28/2020 3/4/2020 9/23/2020 9/24/2020 3/18/2021</subfield></datafield><datafield ind1='2' ind2='0' tag='610'><subfield code='a'>Christie, Manson &amp; Woods International Inc.</subfield><subfield code='t'>Public auction sale.</subfield></datafield><datafield ind1=' ' ind2='0' tag='650'><subfield code='a'>Art auctions</subfield><subfield code='v'>Catalogs.</subfield><subfield code='0'>http://id.loc.gov/authorities/subjects/sh2009115701</subfield></datafield><datafield ind1=' ' ind2='0' tag='650'><subfield code='a'>Auction catalogs.</subfield><subfield code='0'>http://id.loc.gov/authorities/subjects/sh2003009288</subfield></datafield><datafield ind1=' ' ind2='7' tag='655'><subfield code='a'>Catalogs.</subfield><subfield code='2'>lcgft</subfield><subfield code='0'>http://id.loc.gov/authorities/genreForms/gf2014026057</subfield></datafield><datafield ind1=' ' ind2=' ' tag='902'><subfield code='a'>rs</subfield><subfield code='b'>o</subfield><subfield code='6'>a</subfield><subfield code='7'>c</subfield><subfield code='d'>v</subfield><subfield code='f'>0</subfield><subfield code='e'>20180508</subfield></datafield><datafield ind1=' ' ind2=' ' tag='914'><subfield code='a'>(OCoLC)on1340432884</subfield><subfield code='b'>OCoLC</subfield><subfield code='c'>create</subfield><subfield code='d'>20221117</subfield><subfield code='e'>processed</subfield><subfield code='f'>1340432884</subfield></datafield><datafield ind1=' ' ind2=' ' tag='AVA'><subfield code='0'>99116538133506421</subfield><subfield code='8'>22582524870006421</subfield><subfield code='a'>01PRI_INST</subfield><subfield code='b'>marquand</subfield><subfield code='c'>Remote Storage (ReCAP): Marquand Library Use Only</subfield><subfield code='d'>Christie&apos;s New York-11</subfield><subfield code='e'>available</subfield><subfield code='f'>4</subfield><subfield code='g'>0</subfield><subfield code='j'>pj</subfield><subfield code='k'>8</subfield><subfield code='p'>1</subfield><subfield code='q'>Marquand Library</subfield><subfield code='t'>Box 129-</subfield><subfield code='t'></subfield></datafield></record>