
<record><leader>01789cac a22003497i 4500</leader><controlfield tag='001'>99115221263506421</controlfield><controlfield tag='005'>20230125200652.0</controlfield><controlfield tag='008'>190812s20189999uk a     c    000 0 eng d</controlfield><datafield ind1=' ' ind2=' ' tag='035'><subfield code='a'>(NjP)11522126-princetondb</subfield></datafield><datafield ind1=' ' ind2=' ' tag='035'><subfield code='a'>(OCoLC)on1340213775</subfield></datafield><datafield ind1=' ' ind2=' ' tag='035'><subfield code='z'>(NjP)Voyager11522126</subfield></datafield><datafield ind1=' ' ind2=' ' tag='040'><subfield code='a'>NjP</subfield><subfield code='b'>eng</subfield><subfield code='e'>rda</subfield><subfield code='c'>NjP</subfield></datafield><datafield ind1='2' ind2=' ' tag='110'><subfield code='a'>Christie, Manson &amp; Woods,</subfield><subfield code='e'>author.</subfield><subfield code='0'>http://id.loc.gov/authorities/names/n50076801</subfield></datafield><datafield ind1='1' ind2='0' tag='245'><subfield code='a'>[Auction catalogs-14] /</subfield><subfield code='c'>Christie, Manson &amp; Woods</subfield></datafield><datafield ind1=' ' ind2='1' tag='264'><subfield code='a'>London :</subfield><subfield code='b'>Christie, Manson &amp; Woods,</subfield><subfield code='c'>2019-</subfield></datafield><datafield ind1=' ' ind2=' ' tag='300'><subfield code='a'>boxes :</subfield><subfield code='b'>illustrations ;</subfield><subfield code='c'>26 cm</subfield></datafield><datafield ind1=' ' ind2=' ' tag='336'><subfield code='a'>still image</subfield><subfield code='2'>rdacontent</subfield></datafield><datafield ind1=' ' ind2=' ' tag='336'><subfield code='a'>text</subfield><subfield code='2'>rdacontent</subfield></datafield><datafield ind1=' ' ind2=' ' tag='337'><subfield code='a'>unmediated</subfield><subfield code='2'>rdamedia</subfield></datafield><datafield ind1=' ' ind2=' ' tag='338'><subfield code='a'>volume</subfield><subfield code='2'>rdacarrier</subfield></datafield><datafield ind1=' ' ind2=' ' tag='500'><subfield code='a'>For further details on Christie&apos;s London auction catalogs located at Marquand Library of Art and Archaeology, consult http://library.princeton.edu/marquand/resources/sales-catalogs</subfield></datafield><datafield ind1=' ' ind2=' ' tag='500'><subfield code='a'>Alternative names for Christie, Manson &amp; Woods include Christie&apos;s London, Christie&apos;s International UK Ltd., or Limited, Christie&apos;s, and Christie&apos;s King Street</subfield></datafield><datafield ind1='0' ind2=' ' tag='505'><subfield code='a'>box 141. 2/27/2019 2/27/2019 2/27/2019 2/28/2019 3/6/2019</subfield></datafield><datafield ind1='0' ind2=' ' tag='505'><subfield code='a'>box 142. 5/2/2019 7/2/2019 7/4/2019 7/4/2019 7/5/2019 10/24/2019 10/25/2019 12/3/2019 12/5/2019 12/8/2020</subfield></datafield><datafield ind1='0' ind2=' ' tag='505'><subfield code='a'>box 143. 7/7/2021 12/8/2021</subfield></datafield><datafield ind1='2' ind2='0' tag='610'><subfield code='a'>Christie, Manson &amp; Woods.</subfield><subfield code='t'>Public auction sale.</subfield></datafield><datafield ind1=' ' ind2='0' tag='650'><subfield code='a'>Art auctions</subfield><subfield code='v'>Catalogs.</subfield><subfield code='0'>http://id.loc.gov/authorities/subjects/sh2009115701</subfield></datafield><datafield ind1=' ' ind2='0' tag='650'><subfield code='a'>Auction catalogs.</subfield><subfield code='0'>http://id.loc.gov/authorities/subjects/sh2003009288</subfield></datafield><datafield ind1=' ' ind2='7' tag='655'><subfield code='a'>Catalogs.</subfield><subfield code='2'>lcgft</subfield><subfield code='0'>http://id.loc.gov/authorities/genreForms/gf2014026057</subfield></datafield><datafield ind1=' ' ind2=' ' tag='902'><subfield code='a'>rs</subfield><subfield code='b'>o</subfield><subfield code='6'>a</subfield><subfield code='7'>c</subfield><subfield code='d'>v</subfield><subfield code='f'>0</subfield><subfield code='e'>20130603</subfield></datafield><datafield ind1=' ' ind2=' ' tag='914'><subfield code='a'>(OCoLC)on1340213775</subfield><subfield code='b'>OCoLC</subfield><subfield code='c'>replace</subfield><subfield code='d'>20230125</subfield><subfield code='e'>processed</subfield><subfield code='f'>1340213775</subfield></datafield><datafield ind1=' ' ind2=' ' tag='AVA'><subfield code='0'>99115221263506421</subfield><subfield code='8'>22572556220006421</subfield><subfield code='a'>01PRI_INST</subfield><subfield code='b'>marquand</subfield><subfield code='c'>Remote Storage (ReCAP): Marquand Library Use Only</subfield><subfield code='d'>Christie&apos;s M&amp;W-L-14</subfield><subfield code='e'>available</subfield><subfield code='f'>3</subfield><subfield code='g'>0</subfield><subfield code='j'>pj</subfield><subfield code='k'>#</subfield><subfield code='p'>1</subfield><subfield code='q'>Marquand Library</subfield><subfield code='t'>Box 141-</subfield><subfield code='t'></subfield></datafield></record>