
<record><leader>02420cac a22003977i 4500</leader><controlfield tag='001'>9974278683506421</controlfield><controlfield tag='005'>20230125123628.0</controlfield><controlfield tag='008'>130506s20072009nyua     c    000 0 eng d</controlfield><datafield ind1=' ' ind2=' ' tag='035'><subfield code='a'>(NjP)7427868-princetondb</subfield></datafield><datafield ind1=' ' ind2=' ' tag='035'><subfield code='a'>(OCoLC)on1340184406</subfield></datafield><datafield ind1=' ' ind2=' ' tag='035'><subfield code='z'>(NjP)Voyager7427868</subfield></datafield><datafield ind1=' ' ind2=' ' tag='040'><subfield code='a'>NjP</subfield><subfield code='b'>eng</subfield><subfield code='e'>rda</subfield><subfield code='c'>NjP</subfield></datafield><datafield ind1='2' ind2=' ' tag='110'><subfield code='a'>Christie, Manson &amp; Woods International Inc.</subfield><subfield code='e'>author.</subfield></datafield><datafield ind1='1' ind2='0' tag='245'><subfield code='a'>[Auction catalogs-7] /</subfield><subfield code='c'>Christie&apos;s, New York.</subfield></datafield><datafield ind1=' ' ind2='1' tag='264'><subfield code='a'>New York :</subfield><subfield code='b'>Christie&apos;s,</subfield><subfield code='c'>2007-2009</subfield></datafield><datafield ind1=' ' ind2=' ' tag='300'><subfield code='a'>10 boxes :</subfield><subfield code='b'>color illustrations ;</subfield><subfield code='c'>27 cm</subfield></datafield><datafield ind1=' ' ind2=' ' tag='336'><subfield code='a'>still image</subfield><subfield code='2'>rdacontent</subfield></datafield><datafield ind1=' ' ind2=' ' tag='336'><subfield code='a'>text</subfield><subfield code='2'>rdacontent</subfield></datafield><datafield ind1=' ' ind2=' ' tag='337'><subfield code='a'>unmediated</subfield><subfield code='2'>rdamedia</subfield></datafield><datafield ind1=' ' ind2=' ' tag='338'><subfield code='a'>volume</subfield><subfield code='2'>rdacarrier</subfield></datafield><datafield ind1=' ' ind2=' ' tag='500'><subfield code='a'>For further details on Christie&apos;s New York auction catalogs located at Marquand Library of Art and Archaeology, consult http://library.princeton.edu/marquand/resources/sales-catalogs</subfield></datafield><datafield ind1='0' ind2=' ' tag='505'><subfield code='a'>box 61. 10/19/2007 10/24/2007 10/25/2007 10/30/2007 10/30, 31/2007 11/6/2007 11/7/2007</subfield></datafield><datafield ind1='0' ind2=' ' tag='505'><subfield code='a'>box 62. 11/12/2007 11/13/2007 11/13/2007 11/14/2007 11/14/2007 11/29/2007 11/29/2007 11/29/2007 11/29/2007</subfield></datafield><datafield ind1='0' ind2=' ' tag='505'><subfield code='a'>box 63. 11/29/2007 12/6/2007 12/6/2007 12/12/2007 2/7, 8/2008 2/20/2008 3/7/2008 3/18/2008 3/19/2008 3/19/2008</subfield></datafield><datafield ind1='0' ind2=' ' tag='505'><subfield code='a'>box 64. 3/19/2008 4/1/2008 4/8/2008 4/9/2008 4/10/2008 4/10/2008 4/11/2008 4/11/2008 4/15/2008</subfield></datafield><datafield ind1='0' ind2=' ' tag='505'><subfield code='a'>box 65. 4/15/2008 4/22/2008 4/29, 30/2008 5/13/2008 5/14/2008 5/14/2008</subfield></datafield><datafield ind1='0' ind2=' ' tag='505'><subfield code='a'>box 66. 5/20/2008 5/21/2008 5/21/2008 7/31/2008 9/9/2008 9/17/2008 9/17/2008 9/17/2008</subfield></datafield><datafield ind1='0' ind2=' ' tag='505'><subfield code='a'>box 67. 9/18/2008 9/25/2008 10/7/2008 10/13/2008 10/13/2008 10/14/2008 10/20/2008 10/21/2008 10/21/2008 10/22/2008</subfield></datafield><datafield ind1='0' ind2=' ' tag='505'><subfield code='a'>box 68. 10/22/2008 11/5/2008 11/5/2008 11/5/2008, 12/4/2008 11/12/2008 11/13/2008</subfield></datafield><datafield ind1='0' ind2=' ' tag='505'><subfield code='a'>box 69. 11/13/2008 11/14/2008 11/21/2008 12/4/2008 12/8/2008 12/9/2008 12/9/2008 12/16, 17/2008</subfield></datafield><datafield ind1='0' ind2=' ' tag='505'><subfield code='a'>box 70. 1/23/2009 1/28/2009 1/28/2009 1/29/2009 2/12/2009 3/5/2009 3/11/2009 3/17/2009 3/18/2009 3/18, 19/2009 3/31/2009 4/16/2009 4/21/2009 4/28/2009 5/13/2009</subfield></datafield><datafield ind1='2' ind2='0' tag='610'><subfield code='a'>Christie, Manson &amp; Woods International Inc.</subfield><subfield code='t'>Public auction sale.</subfield></datafield><datafield ind1=' ' ind2='0' tag='650'><subfield code='a'>Art auctions</subfield><subfield code='v'>Catalogs.</subfield><subfield code='0'>http://id.loc.gov/authorities/subjects/sh2009115701</subfield></datafield><datafield ind1=' ' ind2='0' tag='650'><subfield code='a'>Auction catalogs.</subfield><subfield code='0'>http://id.loc.gov/authorities/subjects/sh2003009288</subfield></datafield><datafield ind1=' ' ind2=' ' tag='902'><subfield code='a'>rs</subfield><subfield code='b'>o</subfield><subfield code='6'>a</subfield><subfield code='7'>c</subfield><subfield code='d'>v</subfield><subfield code='f'>0</subfield><subfield code='e'>20130225</subfield></datafield><datafield ind1=' ' ind2=' ' tag='914'><subfield code='a'>(OCoLC)on1340184406</subfield><subfield code='b'>OCoLC</subfield><subfield code='c'>replace</subfield><subfield code='d'>20230125</subfield><subfield code='e'>processed</subfield><subfield code='f'>1340184406</subfield></datafield><datafield ind1=' ' ind2=' ' tag='AVA'><subfield code='0'>9974278683506421</subfield><subfield code='8'>22498460440006421</subfield><subfield code='a'>01PRI_INST</subfield><subfield code='b'>marquand</subfield><subfield code='c'>Remote Storage (ReCAP): Marquand Library Use Only</subfield><subfield code='d'>Christie&apos;s New York-7</subfield><subfield code='e'>available</subfield><subfield code='f'>10</subfield><subfield code='g'>0</subfield><subfield code='j'>pj</subfield><subfield code='k'>8</subfield><subfield code='p'>1</subfield><subfield code='q'>Marquand Library</subfield><subfield code='t'>Box 61-Box 70</subfield><subfield code='t'></subfield></datafield></record>