
<record><leader>03658cac a22004457i 4500</leader><controlfield tag='001'>9973723443506421</controlfield><controlfield tag='005'>20230125200105.0</controlfield><controlfield tag='008'>130313i19781995nyua     c    000 0 eng d</controlfield><datafield ind1=' ' ind2=' ' tag='035'><subfield code='a'>(NjP)7372344-princetondb</subfield></datafield><datafield ind1=' ' ind2=' ' tag='035'><subfield code='a'>(OCoLC)on1365397938</subfield></datafield><datafield ind1=' ' ind2=' ' tag='035'><subfield code='z'>(NjP)Voyager7372344</subfield></datafield><datafield ind1=' ' ind2=' ' tag='040'><subfield code='a'>NjP</subfield><subfield code='b'>eng</subfield><subfield code='e'>rda</subfield><subfield code='c'>NjP</subfield></datafield><datafield ind1='2' ind2=' ' tag='110'><subfield code='a'>Christie, Manson &amp; Woods International Inc.</subfield><subfield code='e'>author.</subfield><subfield code='0'>http://id.loc.gov/authorities/names/n78030892</subfield></datafield><datafield ind1='1' ind2='0' tag='245'><subfield code='a'>[Auction catalogs] /</subfield><subfield code='c'>Christie, Manson &amp; Woods International Inc.</subfield></datafield><datafield ind1=' ' ind2='1' tag='264'><subfield code='a'>New York:</subfield><subfield code='b'>Christie, Manson &amp; Woods International Inc.,</subfield><subfield code='c'>1978-1995</subfield></datafield><datafield ind1=' ' ind2=' ' tag='300'><subfield code='a'>12 boxes :</subfield><subfield code='b'>illustrations ;</subfield><subfield code='c'>26 cm</subfield></datafield><datafield ind1=' ' ind2=' ' tag='336'><subfield code='a'>still image</subfield><subfield code='2'>rdacontent</subfield></datafield><datafield ind1=' ' ind2=' ' tag='336'><subfield code='a'>text</subfield><subfield code='2'>rdacontent</subfield></datafield><datafield ind1=' ' ind2=' ' tag='337'><subfield code='a'>unmediated</subfield><subfield code='2'>rdamedia</subfield></datafield><datafield ind1=' ' ind2=' ' tag='338'><subfield code='a'>volume</subfield><subfield code='2'>rdacarrier</subfield></datafield><datafield ind1=' ' ind2=' ' tag='500'><subfield code='a'>For further details on Christie, Manson &amp; Woods International Inc. auction catalogs located at Marquand Library of Art and Archaeology, consult http://library.princeton.edu/marquand/resources/sales-catalogs</subfield></datafield><datafield ind1='0' ind2=' ' tag='505'><subfield code='a'>box 1. 11/11/1978 1/11/1979 3/15/1979 5/31/1979 10/24/1979 11/6/1979 11/7/1979 11/8/1979 11/9/1979 11/9/1979 11/14/1979 11/15/1979 1/10/1980 1/17/1980 6/5/1980</subfield></datafield><datafield ind1='0' ind2=' ' tag='505'><subfield code='a'>box 2. 3/12-13/1981 5/7/1981 6/9/1981 6/12/1981 6/29-30/1981 7/15/1981 9/28, 30/1981 12/16/1981 1/19/1982 4/16/1982 12/2-4/1982 6/10/1983 9/22-23/1983 11/1-2/1983 11/4/1983</subfield></datafield><datafield ind1='0' ind2=' ' tag='505'><subfield code='a'>box 2b. 1/18/1984 1/18/1984 4/30-5/1/1984 6/6/1984 6/27/1984 6/27/1984 11/7/1984 11/12/1984 1/29/1985 5/7-8/1985 5/9/1985 6/5/1985 7/23-24/1985</subfield></datafield><datafield ind1='0' ind2=' ' tag='505'><subfield code='a'>box 3. 11/17-18/1985 1/14/1986 1/15/1986 4/16/1986 6/4/1986 11/4/1986 11/18-19/1986 1/13/1987 1/13/1987 3/26/1987 6/3/1987 10/16/1987 11/16-17/1987 1/12/1988 1/15/1988 4/8/1988</subfield></datafield><datafield ind1='0' ind2=' ' tag='505'><subfield code='a'>box 4. 6/2/1988 10/20/1988 11/30/1988 1/11/1989 1/11/1989 4/6/1989 5/31/1989 10/12/1989 1/10/1990 1/10/1990 4/4/1990</subfield></datafield><datafield ind1='0' ind2=' ' tag='505'><subfield code='a'>box 5. 5/31/1990 5/31/1990 5/31/1990 10/10/1990 1/9/1991 1/9/1991 1/10-11/1991 1/11/1991 3/22-23/1991 5/31/1991 10/9/1991 1/15/1992 1/16/1992</subfield></datafield><datafield ind1='0' ind2=' ' tag='505'><subfield code='a'>box 6. 5/5/1992 5/6/1992 5/5-6/1992 5/11-12/1992 5/12/1992 5/13/1992 5/18-19/1992 5/21/1992 10/15/1992 1/13/1993 1/13/1993 1/14/1993</subfield></datafield><datafield ind1='0' ind2=' ' tag='505'><subfield code='a'>box 7. 5/11-12/1993 5/19/1993 6/2/1993 10/7/1993 12/3/1993 12/8, 11/1993 12/10/1993 12/10-11/1993 12/15/1993 12/16/1993 1/11/1994 1/11/1994 1/12/1994 1/21/1994</subfield></datafield><datafield ind1='0' ind2=' ' tag='505'><subfield code='a'>box 8. 1/21-22/1994 1/22/1994 1/22/1994 2/15/1994 2/23/1994 3/5/1994 3/16/1994 3/24/1994 4/21/1994 4/27/1994 4/27/1994 4/27/1994 5/3/1994 5/4/1994</subfield></datafield><datafield ind1='0' ind2=' ' tag='505'><subfield code='a'>box 9. 5/9/1994 5/10/1994 5/10/1994 5/10/1994 5/11/1994 5/11/1994 5/18/1994 5/18-19/1994 5/23/1994 5/25/1994 5/25/1994 5/26/1994</subfield></datafield><datafield ind1='0' ind2=' ' tag='505'><subfield code='a'>box 10. 6/1/1994 6/1/1994 6/2/1994 6/10-11/1994 6/10/1994 6/11/1994 6/11, 13/1994 9/22/1994 9/23/1994 10/6/1994 10/13/1994 10/14/1994 10/14/1994 10/21/1994 10/25/1994 10/25/1994 10/25/1994 10/25/1994</subfield></datafield><datafield ind1='0' ind2=' ' tag='505'><subfield code='a'>box 11. 11/2/1994 11/2, 3/1994 11/3/1994 11/9/1994 11/10/1994 11/10/1994 11/18/1994 11/19/1994 11/21/1994 11/30/1994 11/30/1994 1/11/1995 1/11/1995 1/26/1995 2/15/1995</subfield></datafield><datafield ind1='0' ind2=' ' tag='505'><subfield code='a'>box 12. 2/17/1995 2/22/1995 3/16/1995 3/22/1995 3/23/1995 3/23/1995 4/1, 3/1995 4/5, 6/1995 4/26/1995 4/26/1995 4/26/1995 5/3/1995 5/4/1995 5/9/1995</subfield></datafield><datafield ind1='2' ind2='0' tag='610'><subfield code='a'>Christie, Manson &amp; Woods International Inc.</subfield><subfield code='t'>Public auction sale.</subfield></datafield><datafield ind1=' ' ind2='0' tag='650'><subfield code='a'>Art auctions</subfield><subfield code='v'>Catalogs.</subfield><subfield code='0'>http://id.loc.gov/authorities/subjects/sh2009115701</subfield></datafield><datafield ind1=' ' ind2='0' tag='650'><subfield code='a'>Auction catalogs.</subfield><subfield code='0'>http://id.loc.gov/authorities/subjects/sh2003009288</subfield></datafield><datafield ind1=' ' ind2='7' tag='655'><subfield code='a'>Catalogs.</subfield><subfield code='2'>lcgft</subfield><subfield code='0'>http://id.loc.gov/authorities/genreForms/gf2014026057</subfield></datafield><datafield ind1=' ' ind2=' ' tag='902'><subfield code='a'>rs</subfield><subfield code='b'>o</subfield><subfield code='6'>a</subfield><subfield code='7'>c</subfield><subfield code='d'>v</subfield><subfield code='f'>0</subfield><subfield code='e'>20130313</subfield></datafield><datafield ind1=' ' ind2=' ' tag='914'><subfield code='a'>(OCoLC)on1365397938</subfield><subfield code='b'>OCoLC</subfield><subfield code='c'>create</subfield><subfield code='d'>20230125</subfield><subfield code='e'>processed</subfield><subfield code='f'>1365397938</subfield></datafield><datafield ind1=' ' ind2=' ' tag='AVA'><subfield code='0'>9973723443506421</subfield><subfield code='8'>22539388860006421</subfield><subfield code='a'>01PRI_INST</subfield><subfield code='b'>marquand</subfield><subfield code='c'>Remote Storage (ReCAP): Marquand Library Use Only</subfield><subfield code='d'>Christie, MW-Int</subfield><subfield code='e'>available</subfield><subfield code='f'>13</subfield><subfield code='g'>0</subfield><subfield code='j'>pj</subfield><subfield code='k'>8</subfield><subfield code='p'>1</subfield><subfield code='q'>Marquand Library</subfield><subfield code='t'>Box 1- Box 12</subfield><subfield code='t'></subfield></datafield></record>