
<record><leader>02737cac a22003737i 4500</leader><controlfield tag='001'>9973486573506421</controlfield><controlfield tag='005'>20230125200050.0</controlfield><controlfield tag='008'>130301m19820000ne a     c    000 0 eng d</controlfield><datafield ind1=' ' ind2=' ' tag='035'><subfield code='a'>(NjP)7348657-princetondb</subfield></datafield><datafield ind1=' ' ind2=' ' tag='035'><subfield code='a'>(OCoLC)ocn830511586</subfield></datafield><datafield ind1=' ' ind2=' ' tag='035'><subfield code='z'>(NjP)Voyager7348657</subfield></datafield><datafield ind1=' ' ind2=' ' tag='040'><subfield code='a'>NjP</subfield><subfield code='b'>eng</subfield><subfield code='e'>rda</subfield><subfield code='c'>NjP</subfield></datafield><datafield ind1='2' ind2=' ' tag='110'><subfield code='a'>Christie&apos;s Amsterdam B.V.</subfield><subfield code='e'>author.</subfield><subfield code='0'>http://id.loc.gov/authorities/names/n86059677</subfield></datafield><datafield ind1='1' ind2='0' tag='245'><subfield code='a'>[Auction catalogs] /</subfield><subfield code='c'>Christie&apos;s Amsterdam B.V.</subfield></datafield><datafield ind1=' ' ind2='1' tag='264'><subfield code='a'>Amsterdam :</subfield><subfield code='b'>Christie&apos;s,</subfield><subfield code='c'>1982-2014</subfield></datafield><datafield ind1=' ' ind2=' ' tag='300'><subfield code='a'>7 boxes :</subfield><subfield code='b'>illustrations ;</subfield><subfield code='c'>24 cm</subfield></datafield><datafield ind1=' ' ind2=' ' tag='336'><subfield code='a'>still image</subfield><subfield code='2'>rdacontent</subfield></datafield><datafield ind1=' ' ind2=' ' tag='336'><subfield code='a'>text</subfield><subfield code='2'>rdacontent</subfield></datafield><datafield ind1=' ' ind2=' ' tag='337'><subfield code='a'>unmediated</subfield><subfield code='2'>rdamedia</subfield></datafield><datafield ind1=' ' ind2=' ' tag='338'><subfield code='a'>volume</subfield><subfield code='2'>rdacarrier</subfield></datafield><datafield ind1=' ' ind2=' ' tag='500'><subfield code='a'>For further details on Christie&apos;s Amsterdam B.V. auction catalogs located at Marquand Library of Art and Archaeology, consult http://library.princeton.edu/marquand/resources/sales-catalogs</subfield></datafield><datafield ind1='0' ind2=' ' tag='505'><subfield code='a'>box 1. 11/22/1982 12/7/1982 3/29/1983 4/26/1983 6/7/1983 6/30/1983 9/7/1983 12/8/1983 3/8/1984 5/29/1984 6/19/1984 11/26/1984 3/19/1985 5/21/1985 5/21/1985 11/18/1985 12/3/1985 5/29/1986 5/29/1986 12/1/1986 5/20/1987 11/30/1987 5/18/1988 11/29/1988</subfield></datafield><datafield ind1='0' ind2=' ' tag='505'><subfield code='a'>box 2. 6/20/1989 11/20/1989 11/21/1989 11/28/1989 6/12/1990 11/13/1990 5/2/1991 11/14/1991 11/25/1991 5/7/1992 5/19/1992 11/10/1992 11/24/1992 11/24/1992</subfield></datafield><datafield ind1='0' ind2=' ' tag='505'><subfield code='a'>box 3. 5/6/1993 11/18/1993 12/8/1993 2/8/1994 3/26/1994 4/21/1994 5/11/1994 5/11/1994 5/31/1994 6/14/1994 9/8/1994 10/11/1994 10/19/1994 10/20/1994 11/7/1994 11/17/1994 12/7/1994</subfield></datafield><datafield ind1='0' ind2=' ' tag='505'><subfield code='a'>box 4. 2/14-15/1995 4/25/1995 4/26/1995 5/8/1995 6/14/1995 6/20/1995 9/7/1995 10/26/1995 11/13/1995 11/13/1995 2/7-8/1996 5/7/1996 6/5/1996 6/18/1996 9/3/1996 10/29/1996 10/30/1996 11/11/1996 12/10/1996</subfield></datafield><datafield ind1='0' ind2=' ' tag='505'><subfield code='a'>box 5. 2/19-20/1997 4/15/1997 4/16/1997 9/2/1997 10/29/1997 11/10/1997 11/10/1997 1/21/1998 3/18/1998 4/29/1998 5/6/1998 5/12/1998 7/1/1998 11/9/1998 11/9/1998 12/7/1998</subfield></datafield><datafield ind1='0' ind2=' ' tag='505'><subfield code='a'>box 6. 6/10/1999 6/10/1999 9/29/1999 9/29/1999 11/10/1999 11/10/1999 12/1/1999 12/1/1999 12/6/1999 12/6/1999 5/24/2000 6/8/2000 9/28/2000 9/28/2000 9/28/2000</subfield></datafield><datafield ind1='0' ind2=' ' tag='505'><subfield code='a'>box 7. 11/8/2000 11/30/2000 12/12/2000 12/12/2000 3/29/2001 3/7/2001 5/29/2001 5/29/2001 9/26/2001 12/11/2001 11/16/2005 12/19-20/2007 11/27/2012 12/4/2012 12/10/2014</subfield></datafield><datafield ind1='2' ind2='0' tag='610'><subfield code='a'>Christie&apos;s Amsterdam B.V.</subfield><subfield code='t'>Public auction sale.</subfield></datafield><datafield ind1=' ' ind2='0' tag='650'><subfield code='a'>Art auctions</subfield><subfield code='v'>Catalogs.</subfield><subfield code='0'>http://id.loc.gov/authorities/subjects/sh2009115701</subfield></datafield><datafield ind1=' ' ind2='0' tag='650'><subfield code='a'>Auction catalogs.</subfield><subfield code='0'>http://id.loc.gov/authorities/subjects/sh2003009288</subfield></datafield><datafield ind1=' ' ind2='7' tag='655'><subfield code='a'>Catalogs.</subfield><subfield code='2'>lcgft</subfield><subfield code='0'>http://id.loc.gov/authorities/genreForms/gf2014026057</subfield></datafield><datafield ind1=' ' ind2=' ' tag='902'><subfield code='a'>rs</subfield><subfield code='b'>o</subfield><subfield code='6'>a</subfield><subfield code='7'>c</subfield><subfield code='d'>v</subfield><subfield code='f'>0</subfield><subfield code='e'>20130301</subfield></datafield><datafield ind1=' ' ind2=' ' tag='914'><subfield code='a'>(OCoLC)ocn830511586</subfield><subfield code='b'>OCoLC</subfield><subfield code='c'>match</subfield><subfield code='d'>20230125</subfield><subfield code='e'>processed</subfield><subfield code='f'>830511586</subfield></datafield><datafield ind1=' ' ind2=' ' tag='AVA'><subfield code='0'>9973486573506421</subfield><subfield code='8'>22527472390006421</subfield><subfield code='a'>01PRI_INST</subfield><subfield code='b'>marquand</subfield><subfield code='c'>Remote Storage (ReCAP): Marquand Library Use Only</subfield><subfield code='d'>Christie&apos;s Amsterdam</subfield><subfield code='e'>available</subfield><subfield code='f'>7</subfield><subfield code='g'>0</subfield><subfield code='j'>pj</subfield><subfield code='k'>8</subfield><subfield code='p'>1</subfield><subfield code='q'>Marquand Library</subfield><subfield code='t'>Box 1-Box 7</subfield><subfield code='t'></subfield></datafield></record>