
<record><leader>01655cac a22003497i 4500</leader><controlfield tag='001'>9974011283506421</controlfield><controlfield tag='005'>20230125200148.0</controlfield><controlfield tag='008'>130411i20079999cc a     c    000 0 eng d</controlfield><datafield ind1=' ' ind2=' ' tag='035'><subfield code='a'>(NjP)7401128-princetondb</subfield></datafield><datafield ind1=' ' ind2=' ' tag='035'><subfield code='a'>(OCoLC)on1365397672</subfield></datafield><datafield ind1=' ' ind2=' ' tag='035'><subfield code='z'>(NjP)Voyager7401128</subfield></datafield><datafield ind1=' ' ind2=' ' tag='040'><subfield code='a'>NjP</subfield><subfield code='b'>eng</subfield><subfield code='e'>rda</subfield><subfield code='c'>NjP</subfield></datafield><datafield ind1='0' ind2=' ' tag='041'><subfield code='a'>eng</subfield><subfield code='a'>chi</subfield></datafield><datafield ind1=' ' ind2='7' tag='041'><subfield code='a'>eng</subfield><subfield code='a'>zho</subfield><subfield code='2'>iso639-3</subfield></datafield><datafield ind1='2' ind2=' ' tag='110'><subfield code='a'>Christie&apos;s Beijing,</subfield><subfield code='e'>author.</subfield></datafield><datafield ind1='1' ind2='0' tag='245'><subfield code='a'>[Auction catalogs] /</subfield><subfield code='c'>Christie&apos;s Beijing and Forever International Auction Company.</subfield></datafield><datafield ind1=' ' ind2='1' tag='264'><subfield code='a'>Beijing :</subfield><subfield code='b'>Christie&apos;s Beijing :</subfield><subfield code='b'>Forever,</subfield><subfield code='c'>2007-</subfield></datafield><datafield ind1=' ' ind2=' ' tag='300'><subfield code='a'>boxes :</subfield><subfield code='b'>color illustrations ;</subfield><subfield code='c'>27 cm</subfield></datafield><datafield ind1=' ' ind2=' ' tag='336'><subfield code='a'>still image</subfield><subfield code='2'>rdacontent</subfield></datafield><datafield ind1=' ' ind2=' ' tag='336'><subfield code='a'>text</subfield><subfield code='2'>rdacontent</subfield></datafield><datafield ind1=' ' ind2=' ' tag='337'><subfield code='a'>unmediated</subfield><subfield code='2'>rdamedia</subfield></datafield><datafield ind1=' ' ind2=' ' tag='338'><subfield code='a'>volume</subfield><subfield code='2'>rdacarrier</subfield></datafield><datafield ind1=' ' ind2=' ' tag='500'><subfield code='a'>For further details on Christie&apos;s Beijing and Forever International Auction Company auction catalogs located at Marquand Library of Art and Archaeology, consult http://library.princeton.edu/marquand/resources/sales-catalogs</subfield></datafield><datafield ind1='1' ind2=' ' tag='505'><subfield code='a'>Box 1 5/15/2007 11/9/2007 11/9/2007 4/26/2008 4/26/2008 11/12/2008</subfield></datafield><datafield ind1=' ' ind2=' ' tag='546'><subfield code='a'>In English and Chinese.</subfield></datafield><datafield ind1='2' ind2='0' tag='610'><subfield code='a'>Christie&apos;s Beijing.</subfield><subfield code='t'>Public auction sale.</subfield></datafield><datafield ind1='2' ind2='0' tag='610'><subfield code='a'>Forever International Auction Company.</subfield><subfield code='t'>Public auction sale.</subfield></datafield><datafield ind1=' ' ind2='0' tag='650'><subfield code='a'>Art auctions</subfield><subfield code='v'>Catalogs.</subfield><subfield code='0'>http://id.loc.gov/authorities/subjects/sh2009115701</subfield></datafield><datafield ind1=' ' ind2='0' tag='650'><subfield code='a'>Auction catalogs.</subfield><subfield code='0'>http://id.loc.gov/authorities/subjects/sh2003009288</subfield></datafield><datafield ind1=' ' ind2='7' tag='655'><subfield code='a'>Catalogs.</subfield><subfield code='2'>lcgft</subfield><subfield code='0'>http://id.loc.gov/authorities/genreForms/gf2014026057</subfield></datafield><datafield ind1='2' ind2=' ' tag='710'><subfield code='a'>Forever International Auction Company</subfield></datafield><datafield ind1=' ' ind2=' ' tag='902'><subfield code='a'>rs</subfield><subfield code='b'>o</subfield><subfield code='6'>a</subfield><subfield code='7'>c</subfield><subfield code='d'>v</subfield><subfield code='f'>0</subfield><subfield code='e'>20130411</subfield></datafield><datafield ind1=' ' ind2=' ' tag='914'><subfield code='a'>(OCoLC)on1365397672</subfield><subfield code='b'>OCoLC</subfield><subfield code='c'>create</subfield><subfield code='d'>20230125</subfield><subfield code='e'>processed</subfield><subfield code='f'>1365397672</subfield></datafield><datafield ind1=' ' ind2=' ' tag='AVA'><subfield code='0'>9974011283506421</subfield><subfield code='8'>22729765580006421</subfield><subfield code='a'>01PRI_INST</subfield><subfield code='b'>marquand</subfield><subfield code='c'>Remote Storage (ReCAP): Marquand Library Use Only</subfield><subfield code='d'>Christie&apos;s Beijing</subfield><subfield code='e'>available</subfield><subfield code='f'>1</subfield><subfield code='g'>0</subfield><subfield code='j'>pj</subfield><subfield code='k'>8</subfield><subfield code='p'>1</subfield><subfield code='q'>Marquand Library</subfield><subfield code='t'>Box 1-</subfield><subfield code='t'></subfield></datafield></record>