
<record><leader>03364cac a22003857i 4500</leader><controlfield tag='001'>9973561253506421</controlfield><controlfield tag='005'>20230125200054.0</controlfield><controlfield tag='008'>130311m19792001nyua     c    000 0 eng d</controlfield><datafield ind1=' ' ind2=' ' tag='035'><subfield code='a'>(NjP)7356125-princetondb</subfield></datafield><datafield ind1=' ' ind2=' ' tag='035'><subfield code='a'>(OCoLC)ocn830512193</subfield></datafield><datafield ind1=' ' ind2=' ' tag='035'><subfield code='z'>(NjP)Voyager7356125</subfield></datafield><datafield ind1=' ' ind2=' ' tag='040'><subfield code='a'>NjP</subfield><subfield code='b'>eng</subfield><subfield code='e'>rda</subfield><subfield code='c'>NjP</subfield></datafield><datafield ind1='2' ind2=' ' tag='110'><subfield code='a'>Christie&apos;s East (Firm)</subfield><subfield code='e'>author.</subfield><subfield code='0'>http://id.loc.gov/authorities/names/n88252392</subfield></datafield><datafield ind1='1' ind2='0' tag='245'><subfield code='a'>[Auction catalogs] /</subfield><subfield code='c'>Christie&apos;s East (Firm).</subfield></datafield><datafield ind1=' ' ind2='1' tag='264'><subfield code='a'>New York :</subfield><subfield code='b'>Christie&apos;s East (Firm),</subfield><subfield code='c'>1979-2001</subfield></datafield><datafield ind1=' ' ind2=' ' tag='300'><subfield code='a'>7 boxes :</subfield><subfield code='b'>illustrations ;</subfield><subfield code='c'>20 cm</subfield></datafield><datafield ind1=' ' ind2=' ' tag='336'><subfield code='a'>still image</subfield><subfield code='2'>rdacontent</subfield></datafield><datafield ind1=' ' ind2=' ' tag='336'><subfield code='a'>text</subfield><subfield code='2'>rdacontent</subfield></datafield><datafield ind1=' ' ind2=' ' tag='337'><subfield code='a'>unmediated</subfield><subfield code='2'>rdamedia</subfield></datafield><datafield ind1=' ' ind2=' ' tag='338'><subfield code='a'>volume</subfield><subfield code='2'>rdacarrier</subfield></datafield><datafield ind1=' ' ind2=' ' tag='500'><subfield code='a'>For further details on Christie&apos;s East (Firm) auction catalogs located at Marquand Library of Art and Archaeology, consult http://library.princeton.edu/marquand/resources/sales-catalogs</subfield></datafield><datafield ind1='0' ind2=' ' tag='505'><subfield code='a'>box 1. 4/25-26/1979 10/19/1979 3/13/1980 11/18/1980 11/19/1980 3/20/1981 11/24/1981 12/17/1981 3/26/1982 3/25/1983 3/23/1984 11/8/1984 3/14/1985 11/8/1985 1/13/1987 6/2/1987 4/7/1988 10/25/1988 1/10/1989 10/10/1989 1/8/1990 5/30/1990 1/10/1991 4/30/1992 5/9/1992 5/19/1992</subfield></datafield><datafield ind1='0' ind2=' ' tag='505'><subfield code='a'>box 2. 10/8/1993 12/7/1993 12/8/1993 1/13/1994 1/25/1994 2/17/1994 2/23/1994 3/4/1994 4/25/1994 5/3/1994 5/9/1994 5/17/1994 5/23/1994 5/24/1994 10/5/1994 10/11/1994 10/19/1994 11/1/1994 11/8/1994 11/30/1994 1/10/1995 1/24/1995 1/24/1995 2/14/1995 2/21/1995 3/2/1995 3/11/1995 3/14/1995 3/21/1995</subfield></datafield><datafield ind1='0' ind2=' ' tag='505'><subfield code='a'>box 3. 5/2/1995 5/9/1995 5/17/1995 5/17/1995 5/23/1995 5/23/1995 5/24/1995 6/23/1995 9/19/1995 10/18/1995 10/24/1995 10/30/1995 11/1/1995 11/7/1995 11/9/1995 11/14/1995 11/15/1995 11/21/1995 11/28/1995 11/28/1995 12/5/1995 12/12/1995 1/9/1996 1/24/1996 2/13/1996 2/28/1996 3/9/1996 4/30/1996 5/7/1996 5/20/1996 5/21/1996</subfield></datafield><datafield ind1='0' ind2=' ' tag='505'><subfield code='a'>box 4. 6/18/1996 6/27/1996 10/1/1996 10/2/1996 10/23/1996 11/6/1996 11/7/1996 11/12/1996 11/19/1996 12/3/1996 12/4/1996 2/13/1997 2/26/1997 3/19/1997 4/23/1997 5/6/1997 5/13/1997 5/21/1997 6/10/1997 10/9/1997 10/7/1997 10/24/1997 11/13/1997 11/25/1997 12/10/1997 2/10/1998 2/17/1998</subfield></datafield><datafield ind1='0' ind2=' ' tag='505'><subfield code='a'>box 5. 3/17/1998 4/9/1998 5/5/1998 6/3/1998 6/9/1998 7/22/1998 10/1/1998 10/27/1998 10/28/1998 11/25/1998 12/8/1998 1/12/1999 2/3/1999 5/5/1999 5/19/1999 6/9/1999 6/15/1999 8/12/1999 9/29/1999 10/5/1999 10/8/1999 10/14/1999 11/2/1999 11/3/1999 11/27/1999</subfield></datafield><datafield ind1='0' ind2=' ' tag='505'><subfield code='a'>box 6. 12/2/1999 12/8/1999 12/21/1999 1/19/2000 3/28/2000 3/29/2000 4/28/2000 5/2/2000 5/8/2000 5/23/2000 5/31/2000 6/7/2000 6/15/2000 6/28/2000 9/13/2000 9/18/2000 9/20/2000 9/26/2000 10/4/2000 10/19/2000 10/25/2000</subfield></datafield><datafield ind1='0' ind2=' ' tag='505'><subfield code='a'>box 7. 10/31/2000 11/7/2000 11/8/2000 11/30/2000 12/6/2000 1/16/2001 2/14/2001 2/20/2001 3/13/2001 3/19/2001 3/27/2001 4/23/2001</subfield></datafield><datafield ind1='0' ind2=' ' tag='505'><subfield code='a'>box 8. 4/30/2001 5/8/2001 5/15/2001 5/23/2001 5/29/2001 6/6/2001 6/13/2001 6/26/2001 9/12/2001 9/17/2001 10/10/2001</subfield></datafield><datafield ind1='2' ind2='0' tag='610'><subfield code='a'>Christie&apos;s East (Firm).</subfield><subfield code='t'>Public auction sale.</subfield></datafield><datafield ind1=' ' ind2='0' tag='650'><subfield code='a'>Art auctions</subfield><subfield code='v'>Catalogs.</subfield><subfield code='0'>http://id.loc.gov/authorities/subjects/sh2009115701</subfield></datafield><datafield ind1=' ' ind2='0' tag='650'><subfield code='a'>Auction catalogs.</subfield><subfield code='0'>http://id.loc.gov/authorities/subjects/sh2003009288</subfield></datafield><datafield ind1=' ' ind2='7' tag='655'><subfield code='a'>Catalogs.</subfield><subfield code='2'>lcgft</subfield><subfield code='0'>http://id.loc.gov/authorities/genreForms/gf2014026057</subfield></datafield><datafield ind1=' ' ind2=' ' tag='902'><subfield code='a'>rs</subfield><subfield code='b'>o</subfield><subfield code='6'>a</subfield><subfield code='7'>c</subfield><subfield code='d'>v</subfield><subfield code='f'>0</subfield><subfield code='e'>20130311</subfield></datafield><datafield ind1=' ' ind2=' ' tag='914'><subfield code='a'>(OCoLC)ocn830512193</subfield><subfield code='b'>OCoLC</subfield><subfield code='c'>match</subfield><subfield code='d'>20230125</subfield><subfield code='e'>processed</subfield><subfield code='f'>830512193</subfield></datafield><datafield ind1=' ' ind2=' ' tag='AVA'><subfield code='0'>9973561253506421</subfield><subfield code='8'>22673534690006421</subfield><subfield code='a'>01PRI_INST</subfield><subfield code='b'>marquand</subfield><subfield code='c'>Remote Storage (ReCAP): Marquand Library Use Only</subfield><subfield code='d'>Christie&apos;s East-(Firm)</subfield><subfield code='e'>available</subfield><subfield code='f'>8</subfield><subfield code='g'>0</subfield><subfield code='j'>pj</subfield><subfield code='k'>8</subfield><subfield code='p'>1</subfield><subfield code='q'>Marquand Library</subfield><subfield code='t'>Box 1-Box 8</subfield><subfield code='t'></subfield></datafield></record>