
<record><leader>00000cam  2200253Ia 4500</leader><controlfield tag='001'>SCSB-6176986</controlfield><controlfield tag='003'>OCoLC</controlfield><controlfield tag='005'>20061025063254.3</controlfield><controlfield tag='008'>060523s2005    pr            000 p spa dcamIa </controlfield><controlfield tag='009'>.b22153460x</controlfield><datafield ind1='1' ind2=' ' tag='100'><subfield code='a'>Santos-Febres, Mayra,</subfield><subfield code='d'>1966-</subfield></datafield><datafield ind1=' ' ind2=' ' tag='020'><subfield code='a'>1881748383</subfield></datafield><datafield ind1=' ' ind2=' ' tag='020'><subfield code='a'>9781881748380</subfield></datafield><datafield ind1=' ' ind2=' ' tag='992'><subfield code='a'>prod-b163234292</subfield></datafield><datafield ind1=' ' ind2=' ' tag='010'><subfield code='a'>2005929591</subfield></datafield><datafield ind1=' ' ind2=' ' tag='260'><subfield code='a'>San Juan, P.R. :</subfield><subfield code='b'>Ediciones Callejón,</subfield><subfield code='c'>c2005.</subfield></datafield><datafield ind1=' ' ind2=' ' tag='300'><subfield code='a'>50 p. ;</subfield><subfield code='c'>20 cm.</subfield></datafield><datafield ind1=' ' ind2='3' tag='440'><subfield code='a'>El Farolito azul</subfield></datafield><datafield ind1='1' ind2='0' tag='245'><subfield code='a'>Boat people /</subfield><subfield code='c'>Mayra Santos-Febres.</subfield></datafield><datafield ind1=' ' ind2=' ' tag='995'><subfield code='a'>2449693</subfield></datafield><datafield ind1=' ' ind2=' ' tag='040'><subfield code='a'>PBR</subfield><subfield code='c'>PBR</subfield><subfield code='d'>TJC</subfield><subfield code='d'>NYP</subfield><subfield code='d'>UtOrBLW</subfield></datafield><datafield ind1=' ' ind2=' ' tag='049'><subfield code='a'>NYPP</subfield></datafield><datafield ind1=' ' ind2=' ' tag='901'><subfield code='a'>jao</subfield><subfield code='a'>MARS</subfield></datafield><datafield ind1=' ' ind2=' ' tag='901'><subfield code='b'>hg</subfield><subfield code='c'>CFT/EMC</subfield></datafield><datafield ind1=' ' ind2=' ' tag='910'><subfield code='a'>RL</subfield></datafield><datafield ind1='0' ind2='0' tag='907'><subfield code='a'>.b22153460x</subfield></datafield><datafield ind1=' ' ind2=' ' tag='035'><subfield code='a'>(OCoLC)69173800</subfield></datafield><datafield ind1=' ' ind2=' ' tag='901'><subfield code='a'>db56135a-1f96-43f3-8016-2798f4f9ce96</subfield><subfield code='b'>29</subfield><subfield code='c'>false</subfield></datafield><datafield ind1='8' ind2=' ' tag='852'><subfield code='h'>JFD 06-12787</subfield><subfield code='0'>6198862</subfield><subfield code='b'>scsbnypl</subfield></datafield><datafield ind1=' ' ind2=' ' tag='876'><subfield code='0'>6198862</subfield><subfield code='a'>10162938</subfield><subfield code='j'>Available</subfield><subfield code='p'>33433073983565</subfield><subfield code='t'>1</subfield><subfield code='x'>Open</subfield><subfield code='z'>NA</subfield><subfield code='l'>RECAP</subfield></datafield></record>