
<record><leader>00000cam  2200493Ii 4500</leader><controlfield tag='001'>SCSB-8378986</controlfield><controlfield tag='003'>OCoLC</controlfield><controlfield tag='005'>20161208032812.0</controlfield><controlfield tag='008'>150602t20152015pr       b    000 0 spa dcamIi </controlfield><controlfield tag='009'>.b210540060</controlfield><datafield ind1='1' ind2=' ' tag='100'><subfield code='a'>Rivera, Marilyn,</subfield><subfield code='d'>1973-</subfield><subfield code='e'>author.</subfield></datafield><datafield ind1='1' ind2='0' tag='600'><subfield code='a'>Santos-Febres, Mayra,</subfield><subfield code='d'>1966-</subfield><subfield code='x'>Criticism and interpretation.</subfield></datafield><datafield ind1=' ' ind2='0' tag='650'><subfield code='a'>Identity (Psychology) in literature.</subfield></datafield><datafield ind1=' ' ind2='0' tag='650'><subfield code='a'>Men</subfield><subfield code='x'>Identity.</subfield></datafield><datafield ind1='1' ind2='7' tag='600'><subfield code='a'>Santos-Febres, Mayra,</subfield><subfield code='d'>1966-</subfield><subfield code='2'>fast</subfield><subfield code='0'>(OCoLC)fst00386644</subfield></datafield><datafield ind1=' ' ind2='7' tag='650'><subfield code='a'>Identity (Psychology) in literature.</subfield><subfield code='2'>fast</subfield><subfield code='0'>(OCoLC)fst00966910</subfield></datafield><datafield ind1=' ' ind2='7' tag='650'><subfield code='a'>Men</subfield><subfield code='x'>Identity.</subfield><subfield code='2'>fast</subfield><subfield code='0'>(OCoLC)fst01016008</subfield></datafield><datafield ind1=' ' ind2='7' tag='655'><subfield code='a'>Criticism, interpretation, etc.</subfield><subfield code='2'>fast</subfield><subfield code='0'>(OCoLC)fst01411635</subfield></datafield><datafield ind1=' ' ind2=' ' tag='250'><subfield code='a'>Primera edición.</subfield></datafield><datafield ind1=' ' ind2=' ' tag='020'><subfield code='a'>9789945581393</subfield><subfield code='q'>paperback</subfield></datafield><datafield ind1=' ' ind2=' ' tag='020'><subfield code='a'>9945581392</subfield><subfield code='q'>paperback</subfield></datafield><datafield ind1=' ' ind2=' ' tag='504'><subfield code='a'>Includes bibliographical references (pages 209-219).</subfield></datafield><datafield ind1='0' ind2=' ' tag='505'><subfield code='a'>Capítulo I. Aproximaciones teóricas a las masculinidades -- Capítulo II. Masculinidades en perspectiva -- Capítulo III. Aprendiendo a ser hombre.</subfield></datafield><datafield ind1=' ' ind2=' ' tag='520'><subfield code='a'>In this work Marilyn Rivera examines the representations of masculinity in the work of prominent Puerto Rican author Mayra Santos Febres. What questions and conceptions about gender are articulated through the writing of Santos Febres? How is masculine hegemony written and contested in the literary universe?</subfield></datafield><datafield ind1=' ' ind2='1' tag='264'><subfield code='a'>San Juan, Puerto Rico :</subfield><subfield code='b'>Isla Negra Editores,</subfield><subfield code='c'>[2015]</subfield></datafield><datafield ind1=' ' ind2='4' tag='264'><subfield code='c'>©2015</subfield></datafield><datafield ind1=' ' ind2=' ' tag='300'><subfield code='a'>219 pages ;</subfield><subfield code='c'>22 cm</subfield></datafield><datafield ind1=' ' ind2=' ' tag='336'><subfield code='a'>text</subfield><subfield code='b'>txt</subfield><subfield code='2'>rdacontent</subfield></datafield><datafield ind1=' ' ind2=' ' tag='337'><subfield code='a'>unmediated</subfield><subfield code='b'>n</subfield><subfield code='2'>rdamedia</subfield></datafield><datafield ind1=' ' ind2=' ' tag='338'><subfield code='a'>volume</subfield><subfield code='b'>nc</subfield><subfield code='2'>rdacarrier</subfield></datafield><datafield ind1='1' ind2=' ' tag='490'><subfield code='a'>Colección visiones y cegueras</subfield></datafield><datafield ind1=' ' ind2='0' tag='830'><subfield code='a'>Visiones y cegueras.</subfield></datafield><datafield ind1='1' ind2='0' tag='245'><subfield code='a'>Masculinidades y transgresiones en la obra de Mayra Santos Febres /</subfield><subfield code='c'>Marilyn Rivera.</subfield></datafield><datafield ind1=' ' ind2=' ' tag='040'><subfield code='a'>OUN</subfield><subfield code='b'>eng</subfield><subfield code='e'>rda</subfield><subfield code='c'>OUN</subfield><subfield code='d'>OCLCF</subfield><subfield code='d'>OCLCQ</subfield><subfield code='d'>FDA</subfield><subfield code='d'>RBN</subfield><subfield code='d'>NYP</subfield></datafield><datafield ind1=' ' ind2=' ' tag='049'><subfield code='a'>NYPP</subfield></datafield><datafield ind1=' ' ind2='4' tag='050'><subfield code='a'>PQ7440.S26</subfield><subfield code='b'>Z83 2015x</subfield></datafield><datafield ind1=' ' ind2=' ' tag='901'><subfield code='a'>MARS</subfield></datafield><datafield ind1=' ' ind2='4' tag='908'><subfield code='a'>PQ7440.S26</subfield><subfield code='b'>Z83 2015x</subfield></datafield><datafield ind1=' ' ind2=' ' tag='901'><subfield code='a'>jjd</subfield><subfield code='b'>CATRL</subfield></datafield><datafield ind1=' ' ind2=' ' tag='945'><subfield code='a'>.b210540060</subfield></datafield><datafield ind1=' ' ind2=' ' tag='946'><subfield code='a'>m</subfield></datafield><datafield ind1=' ' ind2='1' tag='949'><subfield code='z'>8528</subfield><subfield code='a'>ReCAP 16-32701</subfield><subfield code='i'>33433119544660</subfield><subfield code='l'>rc2ma</subfield><subfield code='s'>b</subfield><subfield code='t'>055</subfield><subfield code='h'>33</subfield><subfield code='o'>2</subfield><subfield code='v'>CATRL/jjd</subfield></datafield><datafield ind1=' ' ind2=' ' tag='910'><subfield code='a'>RL</subfield></datafield><datafield ind1='0' ind2='0' tag='907'><subfield code='a'>.b210540060</subfield></datafield><datafield ind1=' ' ind2=' ' tag='035'><subfield code='a'>(OCoLC)910567930</subfield></datafield><datafield ind1='8' ind2=' ' tag='852'><subfield code='h'>ReCAP 16-32701</subfield><subfield code='0'>8534108</subfield><subfield code='b'>scsbnypl</subfield></datafield><datafield ind1=' ' ind2=' ' tag='876'><subfield code='0'>8534108</subfield><subfield code='a'>13919794</subfield><subfield code='j'>Available</subfield><subfield code='p'>33433119544660</subfield><subfield code='t'>1</subfield><subfield code='x'>Shared</subfield><subfield code='z'>NA</subfield><subfield code='l'>RECAP</subfield></datafield></record>