
<record><leader>01016nam a2200325 i 4500</leader><controlfield tag='001'>SCSB-4144128</controlfield><controlfield tag='003'>NNC</controlfield><controlfield tag='005'>20221019203806.0</controlfield><controlfield tag='008'>000912s2000    mx            000 0 spa d</controlfield><controlfield tag='009'>3042388</controlfield><datafield ind1=' ' ind2=' ' tag='010'><subfield code='a'>  2001418616</subfield></datafield><datafield ind1=' ' ind2=' ' tag='020'><subfield code='a'>9686842160</subfield></datafield><datafield ind1=' ' ind2=' ' tag='035'><subfield code='a'>(OCoLC)ocm45035738</subfield></datafield><datafield ind1=' ' ind2=' ' tag='035'><subfield code='9'>ATK5628CU</subfield></datafield><datafield ind1=' ' ind2=' ' tag='035'><subfield code='a'>(NNC)3042388</subfield></datafield><datafield ind1=' ' ind2=' ' tag='035'><subfield code='a'>3042388</subfield></datafield><datafield ind1=' ' ind2=' ' tag='040'><subfield code='a'>PL#</subfield><subfield code='c'>PL#</subfield><subfield code='d'>GZM</subfield><subfield code='d'>DLC</subfield><subfield code='d'>NNC</subfield></datafield><datafield ind1='0' ind2=' ' tag='041'><subfield code='a'>spaeng</subfield></datafield><datafield ind1=' ' ind2=' ' tag='090'><subfield code='a'>PQ7298.29.A675</subfield><subfield code='b'>T47 2000</subfield></datafield><datafield ind1='1' ind2=' ' tag='100'><subfield code='a'>Santos-Febres, Mayra,</subfield><subfield code='d'>1966-</subfield><subfield code='0'>http://id.loc.gov/authorities/names/n97008809</subfield></datafield><datafield ind1='1' ind2='0' tag='245'><subfield code='a'>Tercer mundo /</subfield><subfield code='c'>Mayra Santos-Febres.</subfield></datafield><datafield ind1=' ' ind2=' ' tag='250'><subfield code='a'>1. ed.</subfield></datafield><datafield ind1=' ' ind2=' ' tag='260'><subfield code='a'>[México, D. F.] :</subfield><subfield code='b'>Trilce Ediciones,</subfield><subfield code='c'>2000.</subfield></datafield><datafield ind1=' ' ind2=' ' tag='300'><subfield code='a'>90 pages ;</subfield><subfield code='c'>21 cm.</subfield></datafield><datafield ind1=' ' ind2=' ' tag='336'><subfield code='a'>text</subfield><subfield code='b'>txt</subfield><subfield code='2'>rdacontent</subfield></datafield><datafield ind1=' ' ind2=' ' tag='337'><subfield code='a'>unmediated</subfield><subfield code='b'>n</subfield><subfield code='2'>rdamedia</subfield></datafield><datafield ind1='1' ind2=' ' tag='490'><subfield code='a'>Tristán Lecoq</subfield></datafield><datafield ind1=' ' ind2=' ' tag='653'><subfield code='a'>Literatura portorriqueña</subfield><subfield code='a'>Poesía</subfield><subfield code='a'>Siglo XX.</subfield></datafield><datafield ind1=' ' ind2=' ' tag='653'><subfield code='a'>Poesía portorriqueña</subfield><subfield code='a'>Siglo XX.</subfield></datafield><datafield ind1=' ' ind2='0' tag='830'><subfield code='a'>Tristán Lecoq.</subfield><subfield code='0'>http://id.loc.gov/authorities/names/nr97003783</subfield></datafield><datafield ind1=' ' ind2=' ' tag='901'><subfield code='a'>996bf3c8-d9f8-46a1-a857-e55effde9913</subfield><subfield code='b'>25</subfield><subfield code='c'>false</subfield></datafield><datafield ind1='0' ind2='0' tag='852'><subfield code='h'>PQ7440.S2 T47 2000g</subfield><subfield code='0'>4155941</subfield><subfield code='b'>scsbcul</subfield></datafield><datafield ind1=' ' ind2=' ' tag='876'><subfield code='0'>4155941</subfield><subfield code='a'>6013830</subfield><subfield code='h'> </subfield><subfield code='j'>Available</subfield><subfield code='p'>CU71094520</subfield><subfield code='t'>1</subfield><subfield code='x'>Open</subfield><subfield code='z'>CU</subfield><subfield code='l'>RECAP</subfield></datafield></record>