
<record><leader>01721cam a2200433 a 4500</leader><controlfield tag='001'>SCSB-2198945</controlfield><controlfield tag='003'>NNC</controlfield><controlfield tag='005'>20220518193738.0</controlfield><controlfield tag='008'>820621t19811981njua     b    000 0 eng  </controlfield><controlfield tag='009'>82292</controlfield><datafield ind1=' ' ind2=' ' tag='010'><subfield code='a'>   80065583 </subfield></datafield><datafield ind1=' ' ind2=' ' tag='020'><subfield code='a'>0838630103</subfield></datafield><datafield ind1=' ' ind2=' ' tag='035'><subfield code='a'>(OCoLC)6627458</subfield></datafield><datafield ind1=' ' ind2=' ' tag='035'><subfield code='a'>(OCoLC)ocm06627458</subfield></datafield><datafield ind1=' ' ind2=' ' tag='035'><subfield code='a'>(CStRLIN)NYCG82-B25133</subfield></datafield><datafield ind1=' ' ind2=' ' tag='035'><subfield code='9'>AAJ7541CU</subfield></datafield><datafield ind1=' ' ind2=' ' tag='035'><subfield code='a'>(NNC)82292</subfield></datafield><datafield ind1=' ' ind2=' ' tag='035'><subfield code='a'>82292</subfield></datafield><datafield ind1=' ' ind2=' ' tag='040'><subfield code='d'>NNC</subfield></datafield><datafield ind1='1' ind2=' ' tag='041'><subfield code='a'>eng</subfield><subfield code='h'>ita</subfield></datafield><datafield ind1=' ' ind2=' ' tag='043'><subfield code='a'>e-it---</subfield></datafield><datafield ind1='0' ind2='0' tag='050'><subfield code='a'>GR177.S5</subfield><subfield code='b'>S2413</subfield></datafield><datafield ind1='0' ind2=' ' tag='082'><subfield code='a'>390/.0945/8</subfield><subfield code='2'>19</subfield></datafield><datafield ind1=' ' ind2=' ' tag='090'><subfield code='a'>GR177.S5</subfield><subfield code='b'>S2413</subfield></datafield><datafield ind1='1' ind2=' ' tag='100'><subfield code='a'>Salomone-Marino, Salvatore,</subfield><subfield code='d'>1847-1916.</subfield><subfield code='0'>http://id.loc.gov/authorities/names/n80070786</subfield></datafield><datafield ind1='1' ind2='0' tag='240'><subfield code='a'>Costumi e usanze dei contadini di Sicilia.</subfield><subfield code='l'>English</subfield><subfield code='0'>http://id.loc.gov/authorities/names/n81123086</subfield></datafield><datafield ind1='1' ind2='0' tag='245'><subfield code='a'>Customs and habits of the Sicilian peasants /</subfield><subfield code='c'>Salvatore Salomone-Marino ; edited and translated by Rosalie N. Norris.</subfield></datafield><datafield ind1=' ' ind2=' ' tag='260'><subfield code='a'>Rutherford :</subfield><subfield code='b'>Fairleigh Dickinson University Press ;</subfield><subfield code='a'>London :</subfield><subfield code='b'>Associated University Presses,</subfield><subfield code='c'>[1981], ©1981.</subfield></datafield><datafield ind1=' ' ind2=' ' tag='300'><subfield code='a'>256 pages :</subfield><subfield code='b'>illustrations ;</subfield><subfield code='c'>22 cm</subfield></datafield><datafield ind1=' ' ind2=' ' tag='336'><subfield code='a'>text</subfield><subfield code='2'>rdacontent</subfield></datafield><datafield ind1=' ' ind2=' ' tag='337'><subfield code='a'>unmediated</subfield><subfield code='2'>rdamedia</subfield></datafield><datafield ind1=' ' ind2=' ' tag='338'><subfield code='a'>volume</subfield><subfield code='2'>rdacarrier</subfield></datafield><datafield ind1=' ' ind2=' ' tag='500'><subfield code='a'>Translation of: Costumi e usanze dei contadini di Sicilia.</subfield></datafield><datafield ind1=' ' ind2=' ' tag='504'><subfield code='a'>Bibliography: p. 248-256.</subfield></datafield><datafield ind1=' ' ind2='0' tag='650'><subfield code='a'>Folklore</subfield><subfield code='z'>Italy</subfield><subfield code='z'>Sicily.</subfield><subfield code='0'>http://id.loc.gov/authorities/subjects/sh2008120899</subfield></datafield><datafield ind1=' ' ind2='0' tag='651'><subfield code='a'>Sicily (Italy)</subfield><subfield code='x'>Social life and customs.</subfield><subfield code='0'>http://id.loc.gov/authorities/subjects/sh2008116966</subfield></datafield><datafield ind1=' ' ind2='0' tag='650'><subfield code='a'>Peasants</subfield><subfield code='z'>Italy</subfield><subfield code='z'>Sicily.</subfield></datafield><datafield ind1='1' ind2='0' tag='600'><subfield code='a'>Salomone-Marino, Salvatore,</subfield><subfield code='d'>1847-1916</subfield><subfield code='v'>Bibliography.</subfield></datafield><datafield ind1='1' ind2=' ' tag='700'><subfield code='a'>Norris, Rosalie N.</subfield><subfield code='0'>http://id.loc.gov/authorities/names/n81109942</subfield></datafield><datafield ind1='0' ind2='0' tag='852'><subfield code='h'>GR177.S5 S2413</subfield><subfield code='0'>2166827</subfield><subfield code='b'>scsbcul</subfield></datafield><datafield ind1=' ' ind2=' ' tag='876'><subfield code='0'>2166827</subfield><subfield code='a'>3338361</subfield><subfield code='h'> </subfield><subfield code='j'>Available</subfield><subfield code='p'>CU70266239</subfield><subfield code='t'>1</subfield><subfield code='x'>Shared</subfield><subfield code='z'>CU</subfield><subfield code='l'>RECAP</subfield></datafield></record>