
<record><leader>01718nam a2200409 i 4500</leader><controlfield tag='001'>SCSB-8376043</controlfield><controlfield tag='003'>ItFiC</controlfield><controlfield tag='005'>20160518124331.0</controlfield><controlfield tag='008'>160420s2016    it       b    001 0 ita d</controlfield><controlfield tag='009'>.b210419167</controlfield><datafield ind1=' ' ind2=' ' tag='020'><subfield code='a'>9788868434588 :</subfield><subfield code='c'>45.00 EUR</subfield></datafield><datafield ind1=' ' ind2=' ' tag='040'><subfield code='a'>ItFiC</subfield><subfield code='b'>eng</subfield><subfield code='e'>rda</subfield><subfield code='c'>ItFiC</subfield></datafield><datafield ind1='1' ind2=' ' tag='041'><subfield code='a'>ita</subfield><subfield code='a'>snc</subfield><subfield code='h'>snc</subfield></datafield><datafield ind1=' ' ind2=' ' tag='043'><subfield code='a'>e-it---</subfield></datafield><datafield ind1='0' ind2='0' tag='050'><subfield code='a'>GR177.S5</subfield><subfield code='b'>P43 2016</subfield></datafield><datafield ind1='1' ind2=' ' tag='100'><subfield code='a'>Pitrè, Giuseppe,</subfield><subfield code='d'>1841-1916,</subfield><subfield code='e'>compiler.</subfield></datafield><datafield ind1='1' ind2='0' tag='245'><subfield code='a'>Fiabe e leggende popolari siciliane /</subfield><subfield code='c'>Giuseppe Pitrè ; edizione integrale in dialetto siciliano con testo italiano a fronte ; traduzione e cura di Bianca Lazzaro ; prefazione di Giovanni Puglisi ; con una nota critica di Jacques Zipes ; e un&apos;appendice su La leggenda di Cola Pesce.</subfield></datafield><datafield ind1=' ' ind2='1' tag='264'><subfield code='a'>Roma :</subfield><subfield code='b'>Donzelli editore,</subfield><subfield code='c'>[2016]</subfield></datafield><datafield ind1=' ' ind2=' ' tag='300'><subfield code='a'>xlv, 911 pages ;</subfield><subfield code='c'>23 cm.</subfield></datafield><datafield ind1=' ' ind2=' ' tag='336'><subfield code='a'>text</subfield><subfield code='b'>txt</subfield><subfield code='2'>rdacontent</subfield></datafield><datafield ind1=' ' ind2=' ' tag='337'><subfield code='a'>unmediated</subfield><subfield code='b'>n</subfield><subfield code='2'>rdamedia</subfield></datafield><datafield ind1=' ' ind2=' ' tag='338'><subfield code='a'>volume</subfield><subfield code='b'>nc</subfield><subfield code='2'>rdacarrier</subfield></datafield><datafield ind1='1' ind2=' ' tag='490'><subfield code='a'>Biblioteca Donzelli</subfield></datafield><datafield ind1=' ' ind2=' ' tag='500'><subfield code='a'>&quot;Opere di Giuseppe Pitrè&quot;: pages 883-886.</subfield></datafield><datafield ind1=' ' ind2=' ' tag='504'><subfield code='a'>Includes bibliographical references (pages 887-903) and indexes.</subfield></datafield><datafield ind1=' ' ind2=' ' tag='546'><subfield code='a'>Original fair-tales in Sicilian Italian with parallel Italian translation.</subfield></datafield><datafield ind1=' ' ind2='0' tag='650'><subfield code='a'>Folk literature, Italian</subfield><subfield code='z'>Italy</subfield><subfield code='z'>Sicily.</subfield></datafield><datafield ind1=' ' ind2='0' tag='650'><subfield code='a'>Tales</subfield><subfield code='z'>Italy</subfield><subfield code='z'>Sicily.</subfield></datafield><datafield ind1=' ' ind2='0' tag='650'><subfield code='a'>Legends</subfield><subfield code='z'>Italy</subfield><subfield code='z'>Sicily.</subfield></datafield><datafield ind1='1' ind2=' ' tag='700'><subfield code='a'>Lazzaro, Bianca,</subfield><subfield code='e'>editor,</subfield><subfield code='e'>translator.</subfield></datafield><datafield ind1=' ' ind2='0' tag='830'><subfield code='a'>Biblioteca (Donzelli editore)</subfield></datafield><datafield ind1=' ' ind2=' ' tag='907'><subfield code='a'>.b210419167</subfield><subfield code='c'>m</subfield><subfield code='d'>a</subfield><subfield code='e'>t</subfield><subfield code='f'>ita</subfield><subfield code='g'>it</subfield><subfield code='h'>0</subfield><subfield code='i'>0</subfield></datafield><datafield ind1=' ' ind2=' ' tag='991'><subfield code='y'>951392885</subfield></datafield><datafield ind1=' ' ind2=' ' tag='035'><subfield code='a'>(OCoLC)951392885</subfield></datafield><datafield ind1=' ' ind2=' ' tag='901'><subfield code='a'>76a275a6-7e43-4a30-8264-faadcc71a4ce</subfield><subfield code='b'>25</subfield><subfield code='c'>false</subfield></datafield><datafield ind1='8' ind2=' ' tag='852'><subfield code='h'>ReCAP 16-24901</subfield><subfield code='0'>8531144</subfield><subfield code='b'>scsbnypl</subfield></datafield><datafield ind1=' ' ind2=' ' tag='876'><subfield code='0'>8531144</subfield><subfield code='a'>13916630</subfield><subfield code='j'>Available</subfield><subfield code='p'>33433118369440</subfield><subfield code='t'>1</subfield><subfield code='x'>Shared</subfield><subfield code='z'>NA</subfield><subfield code='l'>RECAP</subfield></datafield></record>