
<record><leader>00000cam a22004818i 4500</leader><controlfield tag='001'>SCSB-10790537</controlfield><controlfield tag='005'>20140606134735.0</controlfield><controlfield tag='008'>140203s2014    ncua     b    001 0 eng  </controlfield><controlfield tag='009'>990140230180203941</controlfield><datafield ind1=' ' ind2=' ' tag='010'><subfield code='a'>^^2014004129</subfield></datafield><datafield ind1=' ' ind2=' ' tag='020'><subfield code='a'>9780786477678 (softcover : alk. paper)</subfield></datafield><datafield ind1=' ' ind2=' ' tag='020'><subfield code='a'>0786477679 (softcover : alk. paper)</subfield></datafield><datafield ind1=' ' ind2=' ' tag='020'><subfield code='z'>9781476615004 (ebook)</subfield></datafield><datafield ind1=' ' ind2=' ' tag='035'><subfield code='a'>(OCoLC)862101951</subfield></datafield><datafield ind1=' ' ind2=' ' tag='040'><subfield code='a'>DLC</subfield><subfield code='b'>eng</subfield><subfield code='e'>rda</subfield><subfield code='c'>DLC</subfield><subfield code='d'>BTCTA</subfield><subfield code='d'>YDXCP</subfield><subfield code='d'>BDX</subfield></datafield><datafield ind1=' ' ind2=' ' tag='042'><subfield code='a'>pcc</subfield></datafield><datafield ind1=' ' ind2=' ' tag='043'><subfield code='a'>e-it---</subfield></datafield><datafield ind1='0' ind2='0' tag='050'><subfield code='a'>PN1978.I8</subfield><subfield code='b'>B755 2014</subfield></datafield><datafield ind1='0' ind2='0' tag='082'><subfield code='a'>791.5/309458</subfield><subfield code='2'>23</subfield></datafield><datafield ind1='1' ind2=' ' tag='100'><subfield code='a'>Buonanno, Michael,</subfield><subfield code='d'>1954-</subfield></datafield><datafield ind1='1' ind2='0' tag='245'><subfield code='a'>Sicilian epic and the marionette theater /</subfield><subfield code='c'>Michael Buonanno.</subfield></datafield><datafield ind1=' ' ind2='1' tag='264'><subfield code='a'>Jefferson, North Carolina :</subfield><subfield code='b'>McFarland &amp; Company, Inc., Publishers,</subfield><subfield code='c'>[2014]</subfield></datafield><datafield ind1=' ' ind2=' ' tag='300'><subfield code='a'>vii, 225 pages :</subfield><subfield code='b'>illustrations ;</subfield><subfield code='c'>23 cm</subfield></datafield><datafield ind1=' ' ind2=' ' tag='336'><subfield code='a'>text</subfield><subfield code='2'>rdacontent</subfield></datafield><datafield ind1=' ' ind2=' ' tag='337'><subfield code='a'>unmediated</subfield><subfield code='2'>rdamedia</subfield></datafield><datafield ind1=' ' ind2=' ' tag='338'><subfield code='a'>volume</subfield><subfield code='2'>rdacarrier</subfield></datafield><datafield ind1=' ' ind2=' ' tag='504'><subfield code='a'>Includes bibliographical references and index.</subfield></datafield><datafield ind1='0' ind2=' ' tag='505'><subfield code='a'>Preface: a storied island -- Introduction: The genius of Palermo -- The cultural context of Sicilian epic -- The marionette theater -- Knights and masques -- Saints and bandits -- On christian soil -- The Carolingian cycle -- The song of Roland in Sicily -- Social order and the fairy tale -- City legend and secret societies -- Conclusion: The last adventure -- Appendix: The death of the Paladins.</subfield></datafield><datafield ind1=' ' ind2=' ' tag='520'><subfield code='a'>&quot;This is an analysis of the folkloric genres that comprise the repertoire of the marionette theater in Sicily. Here, epic, farce, saints&apos; lives, bandits&apos; lives, fairytales, Christian myth, and city legend offer the vehicles by which puppeteers comment upon, inform about, the relationships among the classes of Sicilian society: the aristocracy, the people, the clerics and the Mafia&quot;--</subfield><subfield code='c'>Provided by publisher.</subfield></datafield><datafield ind1=' ' ind2='0' tag='650'><subfield code='a'>Marionettes</subfield><subfield code='z'>Italy</subfield><subfield code='z'>Sicily</subfield><subfield code='x'>History.</subfield></datafield><datafield ind1=' ' ind2='0' tag='650'><subfield code='a'>Puppet theater</subfield><subfield code='z'>Italy</subfield><subfield code='z'>Sicily</subfield><subfield code='x'>History.</subfield></datafield><datafield ind1=' ' ind2='0' tag='650'><subfield code='a'>Theater and society</subfield><subfield code='z'>Italy</subfield><subfield code='z'>Sicily</subfield><subfield code='x'>History.</subfield></datafield><datafield ind1='1' ind2=' ' tag='583'><subfield code='a'>committed to retain</subfield><subfield code='c'>20181001</subfield><subfield code='d'>in perpetuity</subfield><subfield code='f'>ReCAP Shared Collection</subfield><subfield code='5'>HUL</subfield><subfield code='8'>222169175690003941</subfield></datafield><datafield ind1=' ' ind2=' ' tag='901'><subfield code='a'>a22f27d6-4a2c-4842-a72d-316d6d24966d</subfield><subfield code='b'>29</subfield><subfield code='c'>false</subfield></datafield><datafield ind1='0' ind2=' ' tag='852'><subfield code='c'>HD</subfield><subfield code='h'>PN1978.I8</subfield><subfield code='i'>B755 2014</subfield><subfield code='0'>11580265</subfield><subfield code='b'>scsbhl</subfield></datafield><datafield ind1=' ' ind2=' ' tag='876'><subfield code='0'>11580265</subfield><subfield code='a'>17324280</subfield><subfield code='h'> </subfield><subfield code='j'>Available</subfield><subfield code='k'>WID</subfield><subfield code='p'>32044119955409</subfield><subfield code='x'>Shared</subfield><subfield code='z'>HW</subfield><subfield code='l'>HD</subfield></datafield></record>