
<record><leader>00000nam a2200409 i 4500</leader><controlfield tag='001'>SCSB-15316059</controlfield><controlfield tag='003'>ItFiC</controlfield><controlfield tag='005'>20260120114223.0</controlfield><controlfield tag='008'>220425s2022    it            000 0 ita dnam i </controlfield><controlfield tag='009'>.b239018072</controlfield><datafield ind1='1' ind2=' ' tag='100'><subfield code='a'>Crisantino, Amelia,</subfield><subfield code='e'>author.</subfield></datafield><datafield ind1=' ' ind2='0' tag='651'><subfield code='a'>Sicily (Italy)</subfield><subfield code='x'>Civilization.</subfield></datafield><datafield ind1=' ' ind2='0' tag='651'><subfield code='a'>Sicily (Italy)</subfield><subfield code='x'>Intellectual life.</subfield></datafield><datafield ind1=' ' ind2='0' tag='651'><subfield code='a'>Sicily (Italy)</subfield><subfield code='x'>History.</subfield></datafield><datafield ind1=' ' ind2='0' tag='650'><subfield code='a'>Folklore</subfield><subfield code='z'>Italy</subfield><subfield code='z'>Sicily.</subfield></datafield><datafield ind1=' ' ind2=' ' tag='020'><subfield code='a'>9788831283427 :</subfield><subfield code='c'>20.00 EUR</subfield></datafield><datafield ind1=' ' ind2='1' tag='264'><subfield code='a'>Palermo :</subfield><subfield code='b'>Torri del vento edizioni,</subfield><subfield code='c'>[2022]</subfield></datafield><datafield ind1=' ' ind2=' ' tag='300'><subfield code='a'>288 pages ;</subfield><subfield code='c'>21 cm.</subfield></datafield><datafield ind1=' ' ind2=' ' tag='336'><subfield code='a'>text</subfield><subfield code='b'>txt</subfield><subfield code='2'>rdacontent</subfield></datafield><datafield ind1=' ' ind2=' ' tag='337'><subfield code='a'>unmediated</subfield><subfield code='b'>n</subfield><subfield code='2'>rdamedia</subfield></datafield><datafield ind1=' ' ind2=' ' tag='338'><subfield code='a'>volume</subfield><subfield code='b'>nc</subfield><subfield code='2'>rdacarrier</subfield></datafield><datafield ind1='0' ind2=' ' tag='490'><subfield code='a'>I capperi big ;</subfield><subfield code='v'>14</subfield></datafield><datafield ind1='1' ind2='0' tag='245'><subfield code='a'>Storie siciliane :</subfield><subfield code='b'>da Dionisio ai riti di San Giovanni attraverso la Porta Perpetua del Tempo /</subfield><subfield code='c'>Amelia Crisantino.</subfield></datafield><datafield ind1=' ' ind2=' ' tag='040'><subfield code='a'>ItFiC</subfield><subfield code='b'>eng</subfield><subfield code='e'>rda</subfield><subfield code='c'>ItFiC</subfield></datafield><datafield ind1=' ' ind2=' ' tag='043'><subfield code='a'>e-it---</subfield></datafield><datafield ind1='0' ind2='0' tag='050'><subfield code='a'>DG865.6</subfield><subfield code='b'>.C75 2022</subfield></datafield><datafield ind1='0' ind2='0' tag='908'><subfield code='a'>DG865.6</subfield><subfield code='b'>.C75 2022</subfield></datafield><datafield ind1=' ' ind2=' ' tag='901'><subfield code='a'>CSL</subfield><subfield code='c'>it 51333315</subfield></datafield><datafield ind1=' ' ind2=' ' tag='960'><subfield code='d'>r</subfield><subfield code='e'>f</subfield><subfield code='i'>a</subfield><subfield code='s'>2839</subfield><subfield code='t'>MAL</subfield><subfield code='u'>41901apprv</subfield></datafield><datafield ind1=' ' ind2=' ' tag='981'><subfield code='e'>22.00</subfield><subfield code='i'>25.81</subfield><subfield code='k'>USD</subfield><subfield code='u'>2.58</subfield></datafield><datafield ind1=' ' ind2=' ' tag='910'><subfield code='a'>RL</subfield></datafield><datafield ind1='0' ind2='0' tag='907'><subfield code='a'>.b239018072</subfield></datafield><datafield ind1=' ' ind2=' ' tag='035'><subfield code='a'>(OCoLC)1570635574</subfield></datafield><datafield ind1='8' ind2=' ' tag='852'><subfield code='h'>ReCAP 26-68808</subfield><subfield code='0'>16424532</subfield><subfield code='b'>scsbnypl</subfield></datafield><datafield ind1=' ' ind2=' ' tag='876'><subfield code='0'>16424532</subfield><subfield code='a'>23186477</subfield><subfield code='j'>Available</subfield><subfield code='p'>33433139749935</subfield><subfield code='t'>1</subfield><subfield code='x'>Shared</subfield><subfield code='z'>NA</subfield><subfield code='l'>RECAP</subfield></datafield></record>