
<record><leader>01895cam a22004934a 4500</leader><controlfield tag='001'>SCSB-6711612</controlfield><controlfield tag='003'>OCoLC</controlfield><controlfield tag='005'>20090302160712.0</controlfield><controlfield tag='008'>071217s2009    nyua   j b    001 0 eng  </controlfield><controlfield tag='009'>.b180502803</controlfield><datafield ind1=' ' ind2=' ' tag='010'><subfield code='a'>  2007051729</subfield></datafield><datafield ind1=' ' ind2=' ' tag='015'><subfield code='a'>GBA856564</subfield><subfield code='2'>bnb</subfield></datafield><datafield ind1='7' ind2=' ' tag='016'><subfield code='a'>014589412</subfield><subfield code='2'>Uk</subfield></datafield><datafield ind1=' ' ind2=' ' tag='020'><subfield code='a'>9780415980326 (the set. : alk. paper)</subfield></datafield><datafield ind1=' ' ind2=' ' tag='020'><subfield code='a'>0415980321 (the set. : alk. paper)</subfield></datafield><datafield ind1=' ' ind2=' ' tag='020'><subfield code='a'>9780415980302 (volume 1 : alk. paper)</subfield></datafield><datafield ind1=' ' ind2=' ' tag='020'><subfield code='a'>0415980305 (volume 1 : alk. paper)</subfield></datafield><datafield ind1=' ' ind2=' ' tag='020'><subfield code='a'>9780415980319 (volume 2 : alk. paper)</subfield></datafield><datafield ind1=' ' ind2=' ' tag='020'><subfield code='a'>0415980313 (volume 2 : alk. paper)</subfield></datafield><datafield ind1=' ' ind2=' ' tag='040'><subfield code='a'>DLC</subfield><subfield code='c'>DLC</subfield><subfield code='d'>YDX</subfield><subfield code='d'>BAKER</subfield><subfield code='d'>BTCTA</subfield><subfield code='d'>YDXCP</subfield><subfield code='d'>BWX</subfield><subfield code='d'>OCLCG</subfield><subfield code='d'>CDX</subfield><subfield code='d'>UKM</subfield><subfield code='d'>BNY</subfield></datafield><datafield ind1='1' ind2=' ' tag='041'><subfield code='a'>eng</subfield><subfield code='h'>ita</subfield></datafield><datafield ind1=' ' ind2=' ' tag='043'><subfield code='a'>e-it---</subfield></datafield><datafield ind1='0' ind2='0' tag='050'><subfield code='a'>GR177.S5</subfield><subfield code='b'>P425 2009</subfield></datafield><datafield ind1='0' ind2='0' tag='082'><subfield code='a'>398.209458</subfield><subfield code='2'>22</subfield></datafield><datafield ind1=' ' ind2=' ' tag='091'><subfield code='p'>J</subfield><subfield code='a'>398.2</subfield><subfield code='c'>P</subfield></datafield><datafield ind1='1' ind2=' ' tag='100'><subfield code='a'>Pitrè, Giuseppe,</subfield><subfield code='d'>1841-1916.</subfield></datafield><datafield ind1='1' ind2='0' tag='240'><subfield code='a'>Selections.</subfield><subfield code='l'>English</subfield><subfield code='f'>2008</subfield></datafield><datafield ind1='1' ind2='4' tag='245'><subfield code='a'>The collected Sicilian folk and fairy tales of Giuseppe Pitrè /</subfield><subfield code='c'>translated and edited by Jack Zipes and Joseph Russo ; illustrated by Carmello Lettere.</subfield></datafield><datafield ind1=' ' ind2=' ' tag='260'><subfield code='a'>New York :</subfield><subfield code='b'>Routledge,</subfield><subfield code='c'>2009.</subfield></datafield><datafield ind1=' ' ind2=' ' tag='300'><subfield code='a'>2 v. (xviii, 1003 p.) :</subfield><subfield code='b'>ill. ;</subfield><subfield code='c'>27 cm.</subfield></datafield><datafield ind1=' ' ind2=' ' tag='504'><subfield code='a'>Includes bibliographical references (p. 979-994) and index.</subfield></datafield><datafield ind1=' ' ind2=' ' tag='546'><subfield code='a'>Translated from the Italian.</subfield></datafield><datafield ind1=' ' ind2='0' tag='650'><subfield code='a'>Tales</subfield><subfield code='z'>Italy</subfield><subfield code='z'>Sicily.</subfield></datafield><datafield ind1=' ' ind2='0' tag='650'><subfield code='a'>Folklore</subfield><subfield code='z'>Italy</subfield><subfield code='z'>Sicily.</subfield></datafield><datafield ind1='1' ind2=' ' tag='700'><subfield code='a'>Zipes, Jack David.</subfield></datafield><datafield ind1='1' ind2=' ' tag='700'><subfield code='a'>Russo, Joseph.</subfield></datafield><datafield ind1=' ' ind2=' ' tag='907'><subfield code='a'>.b180502803</subfield><subfield code='c'>m</subfield><subfield code='d'>a</subfield><subfield code='e'>-</subfield><subfield code='f'>eng</subfield><subfield code='g'>nyu</subfield><subfield code='h'>4</subfield><subfield code='i'>4</subfield></datafield><datafield ind1=' ' ind2=' ' tag='035'><subfield code='a'>(OCoLC)186347928</subfield></datafield><datafield ind1='8' ind2=' ' tag='852'><subfield code='h'>ReCAP .b180502803</subfield><subfield code='0'>6793023</subfield><subfield code='b'>scsbnypl</subfield></datafield><datafield ind1=' ' ind2=' ' tag='876'><subfield code='0'>6793023</subfield><subfield code='a'>10949106</subfield><subfield code='h'>In Library Use</subfield><subfield code='j'>Available</subfield><subfield code='p'>33333214886455</subfield><subfield code='t'>1</subfield><subfield code='x'>Shared</subfield><subfield code='z'>NH</subfield><subfield code='l'>RECAP</subfield></datafield><datafield ind1=' ' ind2=' ' tag='876'><subfield code='0'>6793023</subfield><subfield code='a'>10949107</subfield><subfield code='h'>In Library Use</subfield><subfield code='j'>Available</subfield><subfield code='p'>33333214886448</subfield><subfield code='t'>1</subfield><subfield code='x'>Shared</subfield><subfield code='z'>NH</subfield><subfield code='l'>RECAP</subfield></datafield></record>