
<record><leader>01092nam a2200301Ii 4500</leader><controlfield tag='001'>SCSB-10033980</controlfield><controlfield tag='005'>20020606090541.3</controlfield><controlfield tag='008'>791212s1979    enka          00100 eng d</controlfield><controlfield tag='009'>990008719550203941</controlfield><datafield ind1=' ' ind2=' ' tag='010'><subfield code='a'>^^^78073701^</subfield></datafield><datafield ind1=' ' ind2=' ' tag='020'><subfield code='a'>0233971351</subfield></datafield><datafield ind1=' ' ind2=' ' tag='035'><subfield code='a'>(OCoLC)5786046</subfield><subfield code='z'>(OCoLC)6067353</subfield><subfield code='z'>(OCoLC)16493605</subfield><subfield code='z'>(OCoLC)251694829</subfield><subfield code='z'>(OCoLC)489746040</subfield><subfield code='z'>(OCoLC)609791107</subfield><subfield code='z'>(OCoLC)640798595</subfield><subfield code='z'>(OCoLC)993368013</subfield><subfield code='z'>(OCoLC)1008520655</subfield><subfield code='z'>(OCoLC)1017236572</subfield><subfield code='z'>(OCoLC)1020240210</subfield><subfield code='z'>(OCoLC)1116592399</subfield></datafield><datafield ind1=' ' ind2=' ' tag='040'><subfield code='a'>SRC</subfield><subfield code='c'>SRC</subfield><subfield code='d'>MH-FA</subfield></datafield><datafield ind1=' ' ind2=' ' tag='043'><subfield code='a'>a-is---</subfield></datafield><datafield ind1='0' ind2='0' tag='050'><subfield code='a'>DS125</subfield></datafield><datafield ind1='0' ind2='0' tag='245'><subfield code='a'>Abdul-Hamid&apos;s Palestine :</subfield><subfield code='b'>rare century-old photographs from the private collection of the Ottoman sultan now published for the first time /</subfield><subfield code='c'>selected and introduced by Jacob M. Landau.</subfield></datafield><datafield ind1=' ' ind2=' ' tag='260'><subfield code='a'>London :</subfield><subfield code='b'>Andre Deutsch,</subfield><subfield code='c'>1979.</subfield></datafield><datafield ind1=' ' ind2=' ' tag='300'><subfield code='a'>144 p. :</subfield><subfield code='b'>ill. ;</subfield><subfield code='c'>27 cm.</subfield></datafield><datafield ind1=' ' ind2=' ' tag='500'><subfield code='a'>Includes index.</subfield></datafield><datafield ind1=' ' ind2=' ' tag='504'><subfield code='a'>Index.</subfield></datafield><datafield ind1='0' ind2=' ' tag='505'><subfield code='a'>Introduction -- Jaffa -- Ramle and Lod -- Jerusalem -- Bethlehem and Hebron -- Jericho to Akaba -- Gaza and environs -- Nablus and environs -- Galilee and the Haifa area -- Holy places -- People and professions -- Index.</subfield></datafield><datafield ind1=' ' ind2='0' tag='651'><subfield code='a'>Palestine</subfield><subfield code='x'>History</subfield><subfield code='y'>1799-1917</subfield></datafield><datafield ind1=' ' ind2='0' tag='651'><subfield code='a'>Palestine</subfield><subfield code='v'>Pictorial works</subfield></datafield><datafield ind1=' ' ind2='4' tag='651'><subfield code='a'>Palestine</subfield><subfield code='x'>History</subfield><subfield code='y'>1799-1917</subfield><subfield code='x'>Pictorial works.</subfield></datafield><datafield ind1=' ' ind2='4' tag='651'><subfield code='a'>Palestine</subfield><subfield code='x'>Pictorial works.</subfield></datafield><datafield ind1=' ' ind2=' ' tag='653'><subfield code='a'>Palestine, ca 1880-ca 1900 Illustrations</subfield></datafield><datafield ind1=' ' ind2='0' tag='650'><subfield code='a'>Photography in historiography</subfield></datafield><datafield ind1='0' ind2='0' tag='600'><subfield code='a'>Abdülhamid</subfield><subfield code='b'>II,</subfield><subfield code='c'>Sultan of the Turks,</subfield><subfield code='d'>1842-1918</subfield></datafield><datafield ind1=' ' ind2='7' tag='655'><subfield code='a'>History</subfield><subfield code='2'>fast</subfield></datafield><datafield ind1=' ' ind2='7' tag='648'><subfield code='a'>638-1917</subfield><subfield code='2'>fast</subfield></datafield><datafield ind1=' ' ind2='7' tag='648'><subfield code='a'>1850-1900.</subfield><subfield code='0'>(NL-LeOCL)241924553</subfield><subfield code='2'>gtt</subfield></datafield><datafield ind1=' ' ind2='7' tag='648'><subfield code='a'>1900-1910.</subfield><subfield code='0'>(NL-LeOCL)241924790</subfield><subfield code='2'>gtt</subfield></datafield><datafield ind1=' ' ind2='7' tag='648'><subfield code='a'>Geschichte 1876-1909.</subfield><subfield code='2'>swd</subfield></datafield><datafield ind1='1' ind2=' ' tag='700'><subfield code='a'>Landau, Jacob M.</subfield></datafield><datafield ind1='0' ind2='8' tag='776'><subfield code='i'>Online version:</subfield><subfield code='a'>Landau, Jacob M.</subfield><subfield code='t'>Abdul-Hamid&apos;s Palestine.</subfield><subfield code='d'>London : Andre Deutsch, 1979</subfield><subfield code='w'>(OCoLC)558041681</subfield></datafield><datafield ind1='0' ind2='8' tag='776'><subfield code='i'>Online version:</subfield><subfield code='a'>Landau, Jacob M.</subfield><subfield code='t'>Abdul-Hamid&apos;s Palestine.</subfield><subfield code='d'>London : Andre Deutsch, 1979</subfield><subfield code='w'>(OCoLC)607739039</subfield></datafield><datafield ind1='1' ind2=' ' tag='583'><subfield code='a'>committed to retain</subfield><subfield code='c'>20181001</subfield><subfield code='d'>in perpetuity</subfield><subfield code='f'>ReCAP Shared Collection</subfield><subfield code='5'>HUL</subfield><subfield code='8'>221777084960003941</subfield></datafield><datafield ind1='7' ind2=' ' tag='852'><subfield code='2'>ZHCL</subfield><subfield code='c'>HD</subfield><subfield code='h'>FA10149.12.4</subfield><subfield code='0'>10781014</subfield><subfield code='b'>scsbhl</subfield></datafield><datafield ind1=' ' ind2=' ' tag='876'><subfield code='0'>10781014</subfield><subfield code='a'>16480169</subfield><subfield code='h'> </subfield><subfield code='j'>Available</subfield><subfield code='k'>FAL</subfield><subfield code='p'>32044117745273</subfield><subfield code='x'>Shared</subfield><subfield code='z'>FL</subfield><subfield code='l'>HD</subfield></datafield></record>