
<record><leader>05796cam a2200577 i 4500</leader><controlfield tag='001'>SCSB-14932458</controlfield><controlfield tag='003'>NNC</controlfield><controlfield tag='005'>20241022224555.0</controlfield><controlfield tag='008'>240202t20242024sp ach   bc   000 0 spa d</controlfield><controlfield tag='009'>18816956</controlfield><datafield ind1=' ' ind2=' ' tag='020'><subfield code='a'>9788419233752</subfield></datafield><datafield ind1=' ' ind2=' ' tag='020'><subfield code='a'>8419233757</subfield></datafield><datafield ind1=' ' ind2=' ' tag='035'><subfield code='a'>(OCoLC)on1419847436</subfield></datafield><datafield ind1=' ' ind2=' ' tag='035'><subfield code='a'>(OCoLC)1419847436</subfield></datafield><datafield ind1=' ' ind2=' ' tag='035'><subfield code='a'>18816956</subfield></datafield><datafield ind1=' ' ind2=' ' tag='040'><subfield code='a'>H7K</subfield><subfield code='b'>eng</subfield><subfield code='e'>rda</subfield><subfield code='c'>H7K</subfield><subfield code='d'>OCLCO</subfield><subfield code='d'>C3L</subfield><subfield code='d'>CUY</subfield><subfield code='d'>BP1</subfield></datafield><datafield ind1=' ' ind2=' ' tag='043'><subfield code='a'>s-cl---</subfield></datafield><datafield ind1=' ' ind2=' ' tag='049'><subfield code='a'>ZCUA</subfield></datafield><datafield ind1=' ' ind2='4' tag='050'><subfield code='a'>N6669.V477</subfield><subfield code='b'>A4 2024</subfield></datafield><datafield ind1='1' ind2='4' tag='082'><subfield code='a'>709</subfield><subfield code='2'>14</subfield></datafield><datafield ind1='1' ind2=' ' tag='100'><subfield code='a'>Vicuña, Cecilia,</subfield><subfield code='e'>artist.</subfield><subfield code='4'>http://id.loc.gov/vocabulary/relators/art</subfield><subfield code='0'>http://id.loc.gov/authorities/names/n85130340</subfield></datafield><datafield ind1='1' ind2='0' tag='240'><subfield code='a'>Works.</subfield><subfield code='k'>Selections</subfield><subfield code='0'>http://id.loc.gov/authorities/names/no2020092468</subfield></datafield><datafield ind1='1' ind2='0' tag='245'><subfield code='a'>Cecilia Vicuña :</subfield><subfield code='b'>soñar el agua : una retrospectiva del futuro (1964-...) /</subfield><subfield code='c'>[curaduría : Miguel A. López].</subfield></datafield><datafield ind1='3' ind2=' ' tag='246'><subfield code='a'>Soñar el agua :</subfield><subfield code='b'>una retrospectiva del futuro (1964-...)</subfield></datafield><datafield ind1=' ' ind2=' ' tag='250'><subfield code='a'>Primera edición.</subfield></datafield><datafield ind1=' ' ind2='1' tag='264'><subfield code='a'>Barcelona [Spain] :</subfield><subfield code='b'>RM Verlag ;</subfield><subfield code='a'>Santiago de Chile :</subfield><subfield code='b'>Museo de Bellas Artes ;</subfield><subfield code='a'>Buenos Aires :</subfield><subfield code='b'>MALBA ;</subfield><subfield code='a'>São Paulo :</subfield><subfield code='b'>Pinacoteca de São Paulo,</subfield><subfield code='c'>[2024]</subfield></datafield><datafield ind1=' ' ind2='4' tag='264'><subfield code='c'>©2024</subfield></datafield><datafield ind1=' ' ind2=' ' tag='300'><subfield code='a'>364 pages :</subfield><subfield code='b'>illustrations (chiefly color), facsimiles, portraits ;</subfield><subfield code='c'>24 cm</subfield></datafield><datafield ind1=' ' ind2=' ' tag='336'><subfield code='a'>still image</subfield><subfield code='b'>sti</subfield><subfield code='2'>rdacontent</subfield></datafield><datafield ind1=' ' ind2=' ' tag='336'><subfield code='a'>text</subfield><subfield code='b'>txt</subfield><subfield code='2'>rdacontent</subfield></datafield><datafield ind1=' ' ind2=' ' tag='337'><subfield code='a'>unmediated</subfield><subfield code='b'>n</subfield><subfield code='2'>rdamedia</subfield></datafield><datafield ind1=' ' ind2=' ' tag='338'><subfield code='a'>volume</subfield><subfield code='b'>nc</subfield><subfield code='2'>rdacarrier</subfield></datafield><datafield ind1=' ' ind2=' ' tag='500'><subfield code='a'>Published on the occasion of the exhibition &quot;Cecilia Vicuña: Dreaming Water&quot; held in three different venues: from May to September, 2023 at the MNBA in Santiago de Chile; From December 2023 to February 2024 at MALBA in Buenos Aires and from May 2024 to August 2024 at the Pinacoteca de São Paulo.</subfield></datafield><datafield ind1=' ' ind2=' ' tag='500'><subfield code='a'>Coeditado con: MNBA, Santiago de Chile + MALBA + Pinacoteca de Sao Paulo.</subfield></datafield><datafield ind1=' ' ind2=' ' tag='504'><subfield code='a'>Includes bibliographical references.</subfield></datafield><datafield ind1='0' ind2=' ' tag='505'><subfield code='a'>Cruz del sur -- Contra el miedo de ser luz carta a Cecilia Vicuña -- La palabra viajera -- Cecilia Vicuña : un quipu que emerge de las catástrofes ancestrales -- La Vicuña o la loba : de pestañas parpadeantes a aullidos por la tierra -- La infancia es un país precario : la madre, una casa y sus basuritas -- Organizar la ensoñación -- La memoria del agua.</subfield></datafield><datafield ind1=' ' ind2=' ' tag='546'><subfield code='a'>In Spanish.</subfield></datafield><datafield ind1=' ' ind2=' ' tag='520'><subfield code='a'>Retrospective of Chilean poet, visual artist and feminist activist Cecilia Vicuña in a Chilean museum since 1971. Born in 1948 and based in New York, United States, since 1980, the artist created the concept of &quot;Precarious Art&quot; in the mid-1960s, to name what disappears. Her work is considered an early vision of ecofeminism and decolonization. The traveling exhibition includes around 200 works of paintings, drawings, screenprints, collages, textiles, videos, photographs, installations, poetry, artist books, and performances, belonging to public and private collections, in addition to the large format installation called &quot;Quipu menstrual (la sangre de los glaciares)&quot; (Menstrual quipu (the blood of glaciers)). Miguel A. López&apos;s curatorship highlights Andean memory in her artistic production, as well as the impact of civil-military regimes and the catastrophic effects of neoliberalism on the social, natural and cultural landscape. Her pieces are part of prestigious collections, including the Museum of Modern Art (MoMA) in New York. Curated by Miguel A. López, the book not only delves into Vicuña&apos;s art, but also includes essays by prominent scholars and a conversation between Vicuña, Marisol de la Cadena, and Camila Marambio. Published on the occasion of the exhibition &quot;Cecilia Vicuña: Dreaming Water&quot; held at Malba - in collaboration with the National Museum of Fine Arts in Santiago de Chile and the Pinacoteca de São Paulo- this is the most comprehensive monographic book dedicated to Cecilia Vicuña&apos;s work to date. It features a main text by curator and editor Miguel A. López in epistolary format - a letter addressed to the artist - as well as new essays by Elizabeth A. Povinelli, Catherine de Zegher, and José de Nordenflycht. It includes two texts by Vicuña on her drawings from the &quot;Palabrarmas&quot; project and the activism of the group Artists for Democracy, as well as a conversation between Vicuña, Marisol de la Cadena, and Camila Marambio.</subfield></datafield><datafield ind1='1' ind2='0' tag='600'><subfield code='a'>Vicuña, Cecilia</subfield><subfield code='v'>Exhibitions.</subfield></datafield><datafield ind1='1' ind2='0' tag='600'><subfield code='a'>Vicuña, Cecilia</subfield><subfield code='x'>Criticism and interpretation.</subfield></datafield><datafield ind1=' ' ind2='0' tag='650'><subfield code='a'>Conceptual art</subfield><subfield code='z'>Chile</subfield><subfield code='v'>Exhibitions.</subfield></datafield><datafield ind1=' ' ind2='0' tag='650'><subfield code='a'>Art, Chilean</subfield><subfield code='y'>21st century</subfield><subfield code='v'>Exhibitions.</subfield></datafield><datafield ind1=' ' ind2='6' tag='650'><subfield code='a'>Art conceptuel</subfield><subfield code='0'>(CaQQLa)201-0001474</subfield><subfield code='z'>Chili</subfield><subfield code='0'>(CaQQLa)201-0476617</subfield><subfield code='v'>Expositions.</subfield><subfield code='0'>(CaQQLa)201-0378191</subfield></datafield><datafield ind1=' ' ind2='6' tag='650'><subfield code='a'>Art chilien</subfield><subfield code='0'>(CaQQLa)201-0227329</subfield><subfield code='y'>21e siècle</subfield><subfield code='0'>(CaQQLa)201-0373679</subfield><subfield code='v'>Expositions.</subfield><subfield code='0'>(CaQQLa)201-0378191</subfield></datafield><datafield ind1='1' ind2=' ' tag='700'><subfield code='a'>López, Miguel A.,</subfield><subfield code='d'>1983-</subfield><subfield code='e'>curator,</subfield><subfield code='e'>writer of supplementary textual content.</subfield><subfield code='4'>http://id.loc.gov/vocabulary/relators/cur</subfield><subfield code='4'>http://id.loc.gov/vocabulary/relators/wst</subfield><subfield code='0'>http://id.loc.gov/authorities/names/no2013138139</subfield></datafield><datafield ind1='1' ind2=' ' tag='710'><subfield code='a'>São Paulo (Brazil : State).</subfield><subfield code='b'>Pinacoteca do Estado,</subfield><subfield code='e'>issuing body,</subfield><subfield code='e'>host institution.</subfield><subfield code='4'>http://id.loc.gov/vocabulary/relators/isb</subfield><subfield code='4'>http://id.loc.gov/vocabulary/relators/his</subfield><subfield code='0'>http://id.loc.gov/authorities/names/n50061066</subfield></datafield><datafield ind1='2' ind2=' ' tag='710'><subfield code='a'>Museo de Arte Latinoamericano de Buenos Aires,</subfield><subfield code='e'>issuing body,</subfield><subfield code='e'>host institution.</subfield><subfield code='4'>http://id.loc.gov/vocabulary/relators/isb</subfield><subfield code='4'>http://id.loc.gov/vocabulary/relators/his</subfield><subfield code='0'>http://id.loc.gov/authorities/names/n98028907</subfield></datafield><datafield ind1='2' ind2=' ' tag='710'><subfield code='a'>Museo Nacional de Bellas Artes (Chile),</subfield><subfield code='e'>host institution,</subfield><subfield code='e'>issuing body.</subfield><subfield code='4'>http://id.loc.gov/vocabulary/relators/his</subfield><subfield code='4'>http://id.loc.gov/vocabulary/relators/isb</subfield><subfield code='0'>http://id.loc.gov/authorities/names/n79016084</subfield></datafield><datafield ind1=' ' ind2=' ' tag='901'><subfield code='a'>b8d72951-f091-4686-bc83-b4ce677695a1</subfield><subfield code='b'>25</subfield><subfield code='c'>false</subfield></datafield><datafield ind1='0' ind2='0' tag='852'><subfield code='h'>N6669.V477 A4 2024g</subfield><subfield code='0'>15975409</subfield><subfield code='b'>scsbcul</subfield></datafield><datafield ind1=' ' ind2=' ' tag='876'><subfield code='0'>15975409</subfield><subfield code='a'>22666078</subfield><subfield code='h'>In Library Use</subfield><subfield code='j'>Available</subfield><subfield code='p'>AR03319369</subfield><subfield code='t'>1</subfield><subfield code='x'>Shared</subfield><subfield code='z'>AR</subfield><subfield code='l'>RECAP</subfield></datafield></record>