
<record><leader>01356pam a2200361 a 4500</leader><controlfield tag='001'>SCSB-14507677</controlfield><controlfield tag='003'>NNC</controlfield><controlfield tag='005'>20221121233750.0</controlfield><controlfield tag='008'>060817s2007    mdu      b    001 0deng  </controlfield><controlfield tag='009'>6074119</controlfield><datafield ind1=' ' ind2=' ' tag='010'><subfield code='a'>  2006025775</subfield></datafield><datafield ind1=' ' ind2=' ' tag='020'><subfield code='a'>0810858835 (pbk. : alk. paper)</subfield></datafield><datafield ind1=' ' ind2=' ' tag='020'><subfield code='a'>9780810858831 (pbk. : alk. paper)</subfield></datafield><datafield ind1='3' ind2=' ' tag='024'><subfield code='a'>9780810858831</subfield></datafield><datafield ind1=' ' ind2=' ' tag='035'><subfield code='a'>(OCoLC)OCM71145927</subfield></datafield><datafield ind1=' ' ind2=' ' tag='035'><subfield code='a'>(NNC)6074119</subfield></datafield><datafield ind1=' ' ind2=' ' tag='035'><subfield code='a'>6074119</subfield></datafield><datafield ind1=' ' ind2=' ' tag='040'><subfield code='a'>DLC</subfield><subfield code='c'>DLC</subfield><subfield code='d'>BAKER</subfield><subfield code='d'>C#P</subfield></datafield><datafield ind1=' ' ind2=' ' tag='043'><subfield code='a'>n-cn---</subfield></datafield><datafield ind1='0' ind2='0' tag='050'><subfield code='a'>Z1376.C37</subfield><subfield code='b'>K36 2007</subfield><subfield code='a'>PR9188.2.C37</subfield></datafield><datafield ind1='0' ind2='0' tag='082'><subfield code='a'>016.8109/868</subfield><subfield code='2'>22</subfield></datafield><datafield ind1='1' ind2=' ' tag='100'><subfield code='a'>Kandiuk, Mary,</subfield><subfield code='d'>1956-</subfield><subfield code='0'>http://id.loc.gov/authorities/names/n90673052</subfield></datafield><datafield ind1='1' ind2='0' tag='245'><subfield code='a'>Caribbean and South Asian writers in Canada :</subfield><subfield code='b'>a bibliography of their works and of English-language criticism /</subfield><subfield code='c'>Mary Kandiuk.</subfield></datafield><datafield ind1=' ' ind2=' ' tag='260'><subfield code='a'>Lanham, Md. :</subfield><subfield code='b'>Scarecrow Press,</subfield><subfield code='c'>2007.</subfield></datafield><datafield ind1=' ' ind2=' ' tag='300'><subfield code='a'>viii, 235 pages ;</subfield><subfield code='c'>22 cm</subfield></datafield><datafield ind1=' ' ind2=' ' tag='336'><subfield code='a'>text</subfield><subfield code='b'>txt</subfield><subfield code='2'>rdacontent</subfield></datafield><datafield ind1=' ' ind2=' ' tag='337'><subfield code='a'>unmediated</subfield><subfield code='b'>n</subfield><subfield code='2'>rdamedia</subfield></datafield><datafield ind1=' ' ind2=' ' tag='500'><subfield code='a'>Includes index.</subfield></datafield><datafield ind1=' ' ind2='0' tag='650'><subfield code='a'>Canadian literature</subfield><subfield code='x'>Caribbean authors</subfield><subfield code='v'>Bibliography.</subfield></datafield><datafield ind1=' ' ind2='0' tag='650'><subfield code='a'>Canadian literature</subfield><subfield code='x'>South Asian authors</subfield><subfield code='v'>Bibliography.</subfield></datafield><datafield ind1=' ' ind2='0' tag='650'><subfield code='a'>Canadian literature</subfield><subfield code='y'>20th century</subfield><subfield code='x'>History and criticism</subfield><subfield code='v'>Bibliography.</subfield></datafield><datafield ind1=' ' ind2=' ' tag='901'><subfield code='a'>a0c3b1ea-a2ec-426f-b0da-6d70856b09e7</subfield><subfield code='b'>29</subfield><subfield code='c'>false</subfield></datafield><datafield ind1='0' ind2='0' tag='852'><subfield code='h'>Z1376.C37 K36 2007</subfield><subfield code='0'>15486977</subfield><subfield code='b'>scsbcul</subfield></datafield><datafield ind1=' ' ind2=' ' tag='876'><subfield code='0'>15486977</subfield><subfield code='a'>22069197</subfield><subfield code='h'> </subfield><subfield code='j'>Available</subfield><subfield code='p'>CU75924668</subfield><subfield code='t'>1</subfield><subfield code='x'>Open</subfield><subfield code='z'>CU</subfield><subfield code='l'>RECAP</subfield></datafield></record>