
<record><leader>00000cam a22003374a 4500</leader><controlfield tag='001'>SCSB-12518694</controlfield><controlfield tag='005'>20070320124749.0</controlfield><controlfield tag='008'>060817s2007    mdu      b    001 0deng  </controlfield><controlfield tag='009'>990102573710203941</controlfield><datafield ind1=' ' ind2=' ' tag='010'><subfield code='a'>^^2006025775</subfield></datafield><datafield ind1=' ' ind2=' ' tag='020'><subfield code='a'>0810858835 (pbk. : alk. paper)</subfield></datafield><datafield ind1=' ' ind2=' ' tag='020'><subfield code='a'>9780810858831 (pbk. : alk. paper)</subfield></datafield><datafield ind1=' ' ind2=' ' tag='035'><subfield code='a'>(OCoLC)71145927</subfield><subfield code='z'>(OCoLC)1022720255</subfield><subfield code='z'>(OCoLC)1201859399</subfield></datafield><datafield ind1=' ' ind2=' ' tag='040'><subfield code='a'>DLC</subfield><subfield code='c'>DLC</subfield><subfield code='d'>BAKER</subfield><subfield code='d'>C#P</subfield><subfield code='d'>YDXCP</subfield></datafield><datafield ind1=' ' ind2=' ' tag='043'><subfield code='a'>n-cn---</subfield></datafield><datafield ind1='0' ind2='0' tag='050'><subfield code='a'>Z1376.C37</subfield><subfield code='b'>K36 2007</subfield><subfield code='a'>PR9188.2.C37</subfield></datafield><datafield ind1='0' ind2='0' tag='082'><subfield code='a'>016.8109/868</subfield><subfield code='2'>22</subfield></datafield><datafield ind1='1' ind2=' ' tag='100'><subfield code='a'>Kandiuk, Mary,</subfield><subfield code='d'>1956-</subfield></datafield><datafield ind1='1' ind2='0' tag='245'><subfield code='a'>Caribbean and South Asian writers in Canada :</subfield><subfield code='b'>a bibliography of their works and of English-language criticism /</subfield><subfield code='c'>Mary Kandiuk.</subfield></datafield><datafield ind1=' ' ind2=' ' tag='260'><subfield code='a'>Lanham, Md. :</subfield><subfield code='b'>Scarecrow Press,</subfield><subfield code='c'>2007.</subfield></datafield><datafield ind1=' ' ind2=' ' tag='300'><subfield code='a'>viii, 235 p. ;</subfield><subfield code='c'>22 cm.</subfield></datafield><datafield ind1=' ' ind2=' ' tag='500'><subfield code='a'>Includes index.</subfield></datafield><datafield ind1=' ' ind2=' ' tag='504'><subfield code='a'>Includes bibliographical references and index.</subfield></datafield><datafield ind1='0' ind2=' ' tag='505'><subfield code='a'>Introduction -- Andre Alexis -- Lillian Allen -- Anita Rau Badami --Himani Bannerji --Neil Bissoondath -- Dionne Brand -- Austin C. Clarke -- Rienzi Crusz -- Cyril Dabydeen -- Ramabai Espinet -- Cecil Foster -- Claire Harris -- Nalo Hopkinson -- Arnold Harrichand Itwaru -- Harold Sonny Ladoo -- Dany Laferriere -- Rohinton Mistry -- Shani Mootoo -- Bharati Mukherjee -- Suniti Namjoshi -- Marlene Nourbese Philip -- Michael Ondaatje -- Uma Parameswaran -- Shyam Selvadurai -- Olive Senior -- Makeda Silvera -- M.G. Vassanji.</subfield></datafield><datafield ind1=' ' ind2='0' tag='650'><subfield code='a'>Canadian literature</subfield><subfield code='x'>Caribbean authors</subfield><subfield code='v'>Bibliography.</subfield></datafield><datafield ind1=' ' ind2='0' tag='650'><subfield code='a'>Canadian literature</subfield><subfield code='x'>South Asian authors</subfield><subfield code='v'>Bibliography.</subfield></datafield><datafield ind1=' ' ind2='0' tag='650'><subfield code='a'>Canadian literature</subfield><subfield code='y'>20th century</subfield><subfield code='x'>History and criticism</subfield><subfield code='v'>Bibliography.</subfield></datafield><datafield ind1=' ' ind2='7' tag='648'><subfield code='a'>1900-1999</subfield><subfield code='2'>fast</subfield></datafield><datafield ind1=' ' ind2='2' tag='655'><subfield code='a'>Bibliography</subfield></datafield><datafield ind1=' ' ind2='7' tag='655'><subfield code='a'>bibliographies.</subfield><subfield code='2'>aat</subfield></datafield><datafield ind1=' ' ind2='7' tag='655'><subfield code='a'>Bibliographies</subfield><subfield code='2'>fast</subfield><subfield code='0'>(OCoLC)fst01919895</subfield></datafield><datafield ind1=' ' ind2='7' tag='655'><subfield code='a'>Criticism, interpretation, etc.</subfield><subfield code='2'>fast</subfield><subfield code='0'>(OCoLC)fst01411635</subfield></datafield><datafield ind1=' ' ind2='7' tag='655'><subfield code='a'>Bibliographies</subfield><subfield code='2'>lcgft</subfield></datafield><datafield ind1=' ' ind2='7' tag='655'><subfield code='a'>Bibliographies.</subfield><subfield code='2'>rvmgf</subfield></datafield><datafield ind1='0' ind2='8' tag='776'><subfield code='i'>Online version:</subfield><subfield code='a'>Kandiuk, Mary, 1956-</subfield><subfield code='t'>Caribbean and South Asian writers in Canada.</subfield><subfield code='d'>Lanham, Md. : Scarecrow Press, 2007</subfield><subfield code='w'>(OCoLC)657207214</subfield></datafield><datafield ind1='1' ind2=' ' tag='583'><subfield code='a'>committed to retain</subfield><subfield code='c'>20181001</subfield><subfield code='d'>in perpetuity</subfield><subfield code='f'>ReCAP Shared Collection</subfield><subfield code='5'>HUL</subfield><subfield code='8'>222101114380003941</subfield></datafield><datafield ind1=' ' ind2=' ' tag='901'><subfield code='a'>a0c3b1ea-a2ec-426f-b0da-6d70856b09e7</subfield><subfield code='b'>29</subfield><subfield code='c'>false</subfield></datafield><datafield ind1='0' ind2=' ' tag='852'><subfield code='c'>HD</subfield><subfield code='h'>PR9188.2.C37</subfield><subfield code='0'>13358973</subfield><subfield code='b'>scsbhl</subfield></datafield><datafield ind1=' ' ind2=' ' tag='876'><subfield code='0'>13358973</subfield><subfield code='a'>19171733</subfield><subfield code='h'> </subfield><subfield code='j'>Available</subfield><subfield code='k'>WID</subfield><subfield code='p'>32044094853363</subfield><subfield code='x'>Shared</subfield><subfield code='z'>HW</subfield><subfield code='l'>HD</subfield></datafield></record>