
<record><leader>02871pam a2200421 a 4500</leader><controlfield tag='001'>SCSB-5125003</controlfield><controlfield tag='003'>NNC</controlfield><controlfield tag='005'>20221109211807.0</controlfield><controlfield tag='008'>040719t20042004ncu      b    001 0 eng  </controlfield><controlfield tag='009'>5044230</controlfield><datafield ind1=' ' ind2=' ' tag='010'><subfield code='a'>  2004016411</subfield></datafield><datafield ind1=' ' ind2=' ' tag='020'><subfield code='a'>0786419253 (softcover : alk. paper)</subfield></datafield><datafield ind1='3' ind2='0' tag='024'><subfield code='a'>9780786419258</subfield></datafield><datafield ind1=' ' ind2=' ' tag='035'><subfield code='a'>(OCoLC)ocm56104261</subfield></datafield><datafield ind1=' ' ind2=' ' tag='035'><subfield code='a'>(NNC)5044230</subfield></datafield><datafield ind1=' ' ind2=' ' tag='035'><subfield code='a'>5044230</subfield></datafield><datafield ind1=' ' ind2=' ' tag='040'><subfield code='a'>DLC</subfield><subfield code='c'>DLC</subfield><subfield code='d'>YDX</subfield><subfield code='d'>OrLoB-B</subfield><subfield code='d'>NNC</subfield></datafield><datafield ind1=' ' ind2=' ' tag='043'><subfield code='a'>n-us---</subfield><subfield code='a'>cc-----</subfield></datafield><datafield ind1='0' ind2='0' tag='050'><subfield code='a'>PS153.S68</subfield><subfield code='b'>W66 2004</subfield></datafield><datafield ind1='0' ind2='0' tag='082'><subfield code='a'>813.009/8914</subfield><subfield code='2'>22</subfield></datafield><datafield ind1='1' ind2=' ' tag='100'><subfield code='a'>Wong, Mitali P.,</subfield><subfield code='d'>1954-</subfield><subfield code='0'>http://id.loc.gov/authorities/names/n2004028997</subfield></datafield><datafield ind1='1' ind2='4' tag='245'><subfield code='a'>The fiction of South Asians in North America and the Caribbean :</subfield><subfield code='b'>a critical study of English-language works since 1950 /</subfield><subfield code='c'>Mitali P. Wong and Zia Hasan.</subfield></datafield><datafield ind1=' ' ind2=' ' tag='260'><subfield code='a'>Jefferson, N.C. :</subfield><subfield code='b'>McFarland &amp; Co., Publishers,</subfield><subfield code='c'>[2004], ©2004.</subfield></datafield><datafield ind1=' ' ind2=' ' tag='300'><subfield code='a'>ix, 145 pages ;</subfield><subfield code='c'>23 cm</subfield></datafield><datafield ind1=' ' ind2=' ' tag='336'><subfield code='a'>text</subfield><subfield code='b'>txt</subfield><subfield code='2'>rdacontent</subfield></datafield><datafield ind1=' ' ind2=' ' tag='337'><subfield code='a'>unmediated</subfield><subfield code='b'>n</subfield><subfield code='2'>rdamedia</subfield></datafield><datafield ind1=' ' ind2=' ' tag='504'><subfield code='a'>Includes bibliographical references (p. 129-142) and index.</subfield></datafield><datafield ind1='0' ind2='0' tag='505'><subfield code='g'>1.</subfield><subfield code='t'>Riddles of time and change : marginality and immigrant fiction --</subfield><subfield code='g'>2.</subfield><subfield code='t'>Identity and the Indo-Caribbean experience : themes, genres, and characters in the fiction of V. S. Naipaul and Samuel Selvon --</subfield><subfield code='g'>3.</subfield><subfield code='t'>Self-definition and difference : Ved Mehta and Ruth Prawer Jhabvala --</subfield><subfield code='g'>4.</subfield><subfield code='t'>The immigrants&apos; search for identity : Bharati Mukherjee and Chitra Banerjee Divakaruni --</subfield><subfield code='g'>5.</subfield><subfield code='t'>New voices : Bapsi Sidhwa, Jhumpa Lahiri, and other emerging fiction writers --</subfield><subfield code='g'>6.</subfield><subfield code='t'>Another world, another time : the fiction of Anita Desai, Amitav Ghosh, and other contemporary novelists --</subfield><subfield code='g'>7.</subfield><subfield code='t'>Narratives of exile : South Asian writers in Canada --</subfield><subfield code='g'>8.</subfield><subfield code='t'>The revival of adolescent fiction : from Dhan Gopal Mukerji to Mitali Perkins and Indi Rana.</subfield></datafield><datafield ind1='1' ind2=' ' tag='520'><subfield code='a'>&quot;This study establishes connections between the themes and methodologies of writers within the South Asian diaspora in the New World. Analyzing the stylistic excellence of South Asian fiction, it recognizes the value of the interplay of cultural differences and the need for resolution.&quot;--BOOK JACKET.</subfield></datafield><datafield ind1=' ' ind2='0' tag='650'><subfield code='a'>American fiction</subfield><subfield code='x'>South Asian American authors</subfield><subfield code='x'>History and criticism.</subfield></datafield><datafield ind1=' ' ind2='0' tag='650'><subfield code='a'>Caribbean fiction (English)</subfield><subfield code='x'>South Asian authors</subfield><subfield code='x'>History and criticism.</subfield></datafield><datafield ind1=' ' ind2='0' tag='650'><subfield code='a'>South Asians</subfield><subfield code='z'>Caribbean Area</subfield><subfield code='x'>Intellectual life.</subfield></datafield><datafield ind1=' ' ind2='0' tag='650'><subfield code='a'>South Asian Americans</subfield><subfield code='x'>Intellectual life.</subfield></datafield><datafield ind1=' ' ind2='0' tag='650'><subfield code='a'>South Asians in literature.</subfield><subfield code='0'>http://id.loc.gov/authorities/subjects/sh94009084</subfield></datafield><datafield ind1=' ' ind2='0' tag='650'><subfield code='a'>Immigrants in literature.</subfield><subfield code='0'>http://id.loc.gov/authorities/subjects/sh85064519</subfield></datafield><datafield ind1=' ' ind2='0' tag='650'><subfield code='a'>Minorities in literature.</subfield><subfield code='0'>http://id.loc.gov/authorities/subjects/sh85085827</subfield></datafield><datafield ind1='1' ind2=' ' tag='700'><subfield code='a'>Hasan, Zia,</subfield><subfield code='d'>1953-</subfield><subfield code='0'>http://id.loc.gov/authorities/names/n2004028998</subfield></datafield><datafield ind1='0' ind2='0' tag='852'><subfield code='h'>PS153.S68 W66 2004</subfield><subfield code='0'>5109837</subfield><subfield code='b'>scsbcul</subfield></datafield><datafield ind1=' ' ind2=' ' tag='876'><subfield code='0'>5109837</subfield><subfield code='a'>7668603</subfield><subfield code='h'> </subfield><subfield code='j'>Available</subfield><subfield code='p'>CU71630775</subfield><subfield code='t'>1</subfield><subfield code='x'>Shared</subfield><subfield code='z'>CU</subfield><subfield code='l'>RECAP</subfield></datafield></record>