
<record><leader>00000nam a2200397 i 4500</leader><controlfield tag='001'>SCSB-14062549</controlfield><controlfield tag='005'>20211217121721.0</controlfield><controlfield tag='008'>211217s2021    sp ah    b    000 0 spa dnam i </controlfield><controlfield tag='009'>.b226908938</controlfield><datafield ind1='1' ind2=' ' tag='700'><subfield code='a'>Fradejas Rueda, José Manuel,</subfield><subfield code='e'>author,</subfield><subfield code='e'>editor.</subfield></datafield><datafield ind1='1' ind2=' ' tag='700'><subfield code='a'>Jerez, Enrique,</subfield><subfield code='e'>author,</subfield><subfield code='e'>editor.</subfield></datafield><datafield ind1='1' ind2=' ' tag='700'><subfield code='a'>Pichel, Ricardo,</subfield><subfield code='e'>author,</subfield><subfield code='e'>editor.</subfield></datafield><datafield ind1='0' ind2='0' tag='630'><subfield code='a'>Siete partidas.</subfield></datafield><datafield ind1=' ' ind2='0' tag='650'><subfield code='a'>Manuscripts</subfield><subfield code='x'>Digitization.</subfield></datafield><datafield ind1=' ' ind2='0' tag='650'><subfield code='a'>Transmission of texts</subfield><subfield code='x'>Data processing.</subfield></datafield><datafield ind1=' ' ind2='0' tag='650'><subfield code='a'>Classical philology</subfield><subfield code='x'>Data processing.</subfield></datafield><datafield ind1=' ' ind2=' ' tag='020'><subfield code='a'>9788491922070</subfield><subfield code='q'>(Iberoamericana :</subfield><subfield code='q'>paperback)</subfield></datafield><datafield ind1=' ' ind2=' ' tag='020'><subfield code='a'>9783968691497</subfield><subfield code='q'>(Vervuert :</subfield><subfield code='q'>paperback)</subfield></datafield><datafield ind1=' ' ind2=' ' tag='504'><subfield code='a'>Includes bibliofraphical references (pages 267-301).</subfield></datafield><datafield ind1='0' ind2=' ' tag='505'><subfield code='a'>Los testimonios castellanos de las Siete Partidas / José Manuel Fradejas Rueda -- Las redacciones de las Siete Partidas durante el reinado de Alfonso X: una revisión historiográfica / Álvaro J. Sanz Martín -- Qual deve ser el rey en sus palabras? Algunas precisiones sobre las Siete Partidas y su tradición manuscrita / Daniel A. Panateri -- Notas sobre las relaciones literales entre el Setenario y las Siete Partidas / Johan Puigdengolas -- La Segunda Partida y su proceso compositivo: el ms. 43-11 de la Biblioteca Capitular de Toledo y su marginalia / Alexander V. Marey -- Las Partidas en catalán / Gemma Avenoza -- La tradición medieval de las Siete Partidas en Portugal / José Domingues -- La recepción de las Siete Partidas en la Galicia bajomedieval / Ricardo Pichel -- Una decepción y un hallazgo: una nueva copia del Fuero General de Navarra / José Manuel Fradejas Rueda -- Cuatro nuevos textos religiosos en un manuscrito de las Partidas / Enrique Jerez Cabrero -- Dos poetas de cancionero en un códice de las Partidas / José Manuel Fradejas Rueda -- Incunables de las Siete Partidas en Hispanoamérica / José Manuel Fradejas Rueda -- La iluminación de los manuscritos de las Siete Partidas: una aproximación / Jorge Prádanos Fernández -- Una reescritura aristocrática del título 21 de la Segunda Partida. Disidencia y ortodoxia en el Libro del cavallero e del escudero de don Juan Manuel / Mario Cossío Olavide -- Mujeres y transmisión de la herencia en las Partidas de Alfonso X: un marco normativo para la práctica testamentaria bajomedieval / Miguel García-Fernández -- La codificación TEI de las ediciones de 1491 y 1555 de las Siete Partidas / José Manuel Fradejas Rueda.</subfield></datafield><datafield ind1=' ' ind2='1' tag='264'><subfield code='a'>Madrid :</subfield><subfield code='b'>Iberoamericana ;</subfield><subfield code='a'>Frankfurt am Main :</subfield><subfield code='b'>Vervuert,</subfield><subfield code='c'>2021.</subfield></datafield><datafield ind1=' ' ind2=' ' tag='300'><subfield code='a'>305 pages :</subfield><subfield code='b'>chiefly illustrations (some color), facsimiles ;</subfield><subfield code='c'>22 cm.</subfield></datafield><datafield ind1=' ' ind2=' ' tag='336'><subfield code='a'>text</subfield><subfield code='2'>rdacontent</subfield></datafield><datafield ind1=' ' ind2=' ' tag='337'><subfield code='a'>unmediated</subfield><subfield code='2'>rdamedia</subfield></datafield><datafield ind1=' ' ind2=' ' tag='338'><subfield code='a'>volume</subfield><subfield code='2'>rdacarrier</subfield></datafield><datafield ind1='1' ind2=' ' tag='490'><subfield code='a'>Medievalia Hispanica ;</subfield><subfield code='v'>vol. 34</subfield></datafield><datafield ind1=' ' ind2='0' tag='830'><subfield code='a'>Medievalia Hispanica ;</subfield><subfield code='v'>34.</subfield></datafield><datafield ind1='0' ind2='4' tag='245'><subfield code='a'>Las Siete Partidas del Rey Sabio :</subfield><subfield code='b'>una aproximación desde la filología digital y material /</subfield><subfield code='c'>José Manuel Fradejas Rueda, Enrique Jérez Cabrero, Ricardo Pichel (eds.).</subfield></datafield><datafield ind1=' ' ind2=' ' tag='040'><subfield code='a'>SP-BaPL</subfield><subfield code='b'>eng</subfield><subfield code='c'>SP-BaPL</subfield><subfield code='e'>rda</subfield></datafield><datafield ind1='1' ind2='4' tag='050'><subfield code='a'>Z110.R4</subfield><subfield code='b'>S54 2021</subfield></datafield><datafield ind1='1' ind2='4' tag='908'><subfield code='a'>Z110.R4</subfield><subfield code='b'>S54 2021</subfield></datafield><datafield ind1=' ' ind2=' ' tag='901'><subfield code='a'>PVL</subfield></datafield><datafield ind1=' ' ind2=' ' tag='910'><subfield code='a'>RL</subfield></datafield><datafield ind1=' ' ind2=' ' tag='960'><subfield code='s'>3650</subfield><subfield code='t'>mal</subfield><subfield code='u'>4190apprv</subfield></datafield><datafield ind1='0' ind2='0' tag='907'><subfield code='a'>.b226908938</subfield></datafield><datafield ind1=' ' ind2=' ' tag='035'><subfield code='a'>(OCoLC)1272074131</subfield></datafield><datafield ind1='8' ind2=' ' tag='852'><subfield code='h'>ReCAP 21-84829</subfield><subfield code='0'>15002217</subfield><subfield code='b'>scsbnypl</subfield></datafield><datafield ind1=' ' ind2=' ' tag='876'><subfield code='0'>15002217</subfield><subfield code='a'>21467314</subfield><subfield code='j'>Available</subfield><subfield code='p'>33433131004594</subfield><subfield code='t'>1</subfield><subfield code='x'>Shared</subfield><subfield code='z'>NA</subfield><subfield code='l'>RECAP</subfield></datafield></record>