
<record><leader>00000cam  22010574a 4500</leader><controlfield tag='001'>SCSB-8359963</controlfield><controlfield tag='003'>OCoLC</controlfield><controlfield tag='005'>20160506015405.0</controlfield><controlfield tag='008'>000720s2001    pau      bl   001 0 eng  cam4a </controlfield><controlfield tag='009'>.b209263842</controlfield><datafield ind1='1' ind2=' ' tag='700'><subfield code='a'>Scott, S. P.</subfield><subfield code='q'>(Samuel Parsons),</subfield><subfield code='d'>1846-1929.</subfield></datafield><datafield ind1='1' ind2=' ' tag='700'><subfield code='a'>Burns, Robert I.,</subfield><subfield code='d'>1921-2008.</subfield></datafield><datafield ind1='0' ind2=' ' tag='700'><subfield code='a'>Alfonso</subfield><subfield code='b'>X,</subfield><subfield code='c'>King of Castile and Leon,</subfield><subfield code='d'>1221-1284,</subfield><subfield code='e'>creator.</subfield></datafield><datafield ind1='0' ind2='0' tag='630'><subfield code='a'>Siete partidas.</subfield></datafield><datafield ind1=' ' ind2='0' tag='650'><subfield code='a'>Law</subfield><subfield code='z'>Spain</subfield><subfield code='x'>History</subfield><subfield code='y'>To 1500</subfield><subfield code='v'>Sources.</subfield></datafield><datafield ind1=' ' ind2='0' tag='650'><subfield code='a'>Law, Medieval</subfield><subfield code='v'>Sources.</subfield></datafield><datafield ind1=' ' ind2='0' tag='650'><subfield code='a'>Church buildings</subfield><subfield code='z'>Spain</subfield><subfield code='x'>History</subfield><subfield code='y'>To 1500</subfield><subfield code='v'>Sources.</subfield></datafield><datafield ind1='0' ind2='0' tag='600'><subfield code='a'>Alfonso</subfield><subfield code='b'>X,</subfield><subfield code='c'>King of Castile and Leon,</subfield><subfield code='d'>1221-1284.</subfield></datafield><datafield ind1=' ' ind2='0' tag='650'><subfield code='a'>Families</subfield><subfield code='z'>Spain</subfield><subfield code='x'>History</subfield><subfield code='y'>To 1500.</subfield></datafield><datafield ind1=' ' ind2='0' tag='650'><subfield code='a'>Commerce</subfield><subfield code='x'>History</subfield><subfield code='y'>To 1500.</subfield></datafield><datafield ind1=' ' ind2='0' tag='650'><subfield code='a'>Poor</subfield><subfield code='z'>Spain</subfield><subfield code='x'>History</subfield><subfield code='y'>To 1500.</subfield></datafield><datafield ind1='0' ind2='7' tag='600'><subfield code='a'>Alfonso</subfield><subfield code='b'>X,</subfield><subfield code='c'>King of Castile and Leon,</subfield><subfield code='d'>1221-1284.</subfield><subfield code='2'>fast</subfield><subfield code='0'>(OCoLC)fst00049335</subfield></datafield><datafield ind1='0' ind2='7' tag='630'><subfield code='a'>Siete partidas.</subfield><subfield code='2'>fast</subfield><subfield code='0'>(OCoLC)fst01368184</subfield></datafield><datafield ind1=' ' ind2='7' tag='650'><subfield code='a'>Church buildings.</subfield><subfield code='2'>fast</subfield><subfield code='0'>(OCoLC)fst00860599</subfield></datafield><datafield ind1=' ' ind2='7' tag='650'><subfield code='a'>Commerce.</subfield><subfield code='2'>fast</subfield><subfield code='0'>(OCoLC)fst00869279</subfield></datafield><datafield ind1=' ' ind2='7' tag='650'><subfield code='a'>Families.</subfield><subfield code='2'>fast</subfield><subfield code='0'>(OCoLC)fst01728849</subfield></datafield><datafield ind1=' ' ind2='7' tag='650'><subfield code='a'>Law.</subfield><subfield code='2'>fast</subfield><subfield code='0'>(OCoLC)fst00993678</subfield></datafield><datafield ind1=' ' ind2='7' tag='650'><subfield code='a'>Law, Medieval.</subfield><subfield code='2'>fast</subfield><subfield code='0'>(OCoLC)fst00994246</subfield></datafield><datafield ind1=' ' ind2='7' tag='650'><subfield code='a'>Poor.</subfield><subfield code='2'>fast</subfield><subfield code='0'>(OCoLC)fst01071040</subfield></datafield><datafield ind1=' ' ind2='7' tag='651'><subfield code='a'>Spain.</subfield><subfield code='2'>fast</subfield><subfield code='0'>(OCoLC)fst01204303</subfield></datafield><datafield ind1=' ' ind2='7' tag='648'><subfield code='a'>To 1500</subfield><subfield code='2'>fast</subfield></datafield><datafield ind1=' ' ind2='7' tag='655'><subfield code='a'>History.</subfield><subfield code='2'>fast</subfield><subfield code='0'>(OCoLC)fst01411628</subfield></datafield><datafield ind1=' ' ind2='7' tag='655'><subfield code='a'>Sources.</subfield><subfield code='2'>fast</subfield><subfield code='0'>(OCoLC)fst01423900</subfield></datafield><datafield ind1=' ' ind2=' ' tag='020'><subfield code='a'>0812217381</subfield><subfield code='q'>(v. 1 : pbk. : alk. paper)</subfield></datafield><datafield ind1=' ' ind2=' ' tag='020'><subfield code='a'>9780812217384</subfield><subfield code='q'>(v. 1 : pbk. : alk. paper)</subfield></datafield><datafield ind1=' ' ind2=' ' tag='020'><subfield code='a'>081221739X</subfield><subfield code='q'>(v. 2 : pbk. : alk. paper)</subfield></datafield><datafield ind1=' ' ind2=' ' tag='020'><subfield code='a'>9780812217391</subfield><subfield code='q'>(v. 2 : pbk. : alk. paper)</subfield></datafield><datafield ind1=' ' ind2=' ' tag='020'><subfield code='a'>0812217403</subfield><subfield code='q'>(v. 3 : pbk. : alk. paper)</subfield></datafield><datafield ind1=' ' ind2=' ' tag='020'><subfield code='a'>9780812217407</subfield><subfield code='q'>(v. 3 : pbk. : alk. paper)</subfield></datafield><datafield ind1=' ' ind2=' ' tag='020'><subfield code='a'>0812217411</subfield><subfield code='q'>(v. 4 : pbk. : alk. paper)</subfield></datafield><datafield ind1=' ' ind2=' ' tag='020'><subfield code='a'>9780812217414</subfield><subfield code='q'>(v. 4 : pbk. : alk. paper)</subfield></datafield><datafield ind1=' ' ind2=' ' tag='020'><subfield code='a'>081221742X</subfield><subfield code='q'>(v. 5 : pbk. : alk. paper)</subfield></datafield><datafield ind1=' ' ind2=' ' tag='020'><subfield code='a'>9780812217421</subfield><subfield code='q'>(v. 5 : pbk. : alk. paper)</subfield></datafield><datafield ind1=' ' ind2=' ' tag='020'><subfield code='a'>0812217373</subfield><subfield code='q'>(set : pbk.)</subfield></datafield><datafield ind1=' ' ind2=' ' tag='020'><subfield code='a'>9780812217377</subfield><subfield code='q'>(set : pbk.)</subfield></datafield><datafield ind1=' ' ind2=' ' tag='010'><subfield code='a'>   00060738</subfield></datafield><datafield ind1=' ' ind2=' ' tag='500'><subfield code='a'>Includes index.</subfield></datafield><datafield ind1='0' ind2='0' tag='505'><subfield code='g'>v. 1.</subfield><subfield code='t'>The medieval church : the world of clerics and laymen --</subfield><subfield code='g'>v. 2.</subfield><subfield code='t'>Medieval government : the world of kings and warriors --</subfield><subfield code='g'>v. 3.</subfield><subfield code='t'>Medieval law : lawyers and their work --</subfield><subfield code='g'>v. 4.</subfield><subfield code='t'>Family, commerce and the sea : the worlds of women and merchants --</subfield><subfield code='g'>v. 5.</subfield><subfield code='t'>Underworlds : the dead, the criminal and the marginalized.</subfield></datafield><datafield ind1=' ' ind2=' ' tag='504'><subfield code='a'>Includes bibliographical references and indexes.</subfield></datafield><datafield ind1=' ' ind2=' ' tag='500'><subfield code='a'>Reissue of the 1931 translation into 5 volumes, each with new thematic and bibliographical introduction and some analysis of the content of the respective partida.</subfield></datafield><datafield ind1=' ' ind2=' ' tag='520'><subfield code='a'>Las siete partidas, or, The seven divisions, is a major law code of thirteenth-century Spain compiled by Alfonso X the Learned of Castile. Seven centuries later this compendium of legal and customary information remains the foundation of modern Spanish law. The work&apos;s scope offers insight into the social, intellectual, and cultural history of medieval Spain. Editor and medieval historian Robert I. Burns, S.J., provides critical historical material in a new general introduction and extensive introductions to each Partida.</subfield></datafield><datafield ind1='0' ind2=' ' tag='505'><subfield code='a'>v. 1. The medieval church. The Partidas. Introduction / Robert I Burns, S.J. ; Prologue: The King&apos;s strange code ; The Thirteenth Century: a world of law and lawyers ; Alfonso and the Wild West: The Partidas on the U.S. Frontier -- Alfonso X and the Partidas / Joseph F. O&apos;Callaghan ; Origin and purpose of the Partidas ; Formation of the Partidas ; Conclusion -- The Partidas: bibliographical notes / Jerry R. Craddock ; Manuscripts ; Editions ; Studies -- Introduction to the first Partida. The King&apos;s Canon Law ; Lateran Council IV ; First Partida: contents ; Church Law versus &quot;Religion&quot; ; Suggestions for reading -- First Partida: Law in general; Canon law. Title I. Division of this work ; Title II: Usage, custom and Fuero -- Title III: The Holy trinity and the Catholic faith ; Title IV: The seven sacraments ; Title V: Prelates ; Title VI: Priests ; Title VII: Regular clergy (bound by monastic vows) ; Title VIII: Monastic vows ; Title IV: Excommunications, suspensions and interdicts ; Title X: Churches and their construction ; Title XI: Privileges of churches and cemetaries ; Title XII: Monasteries and other religious houses ; Title XIII: Burials ; Title XIV: Inalienable church property ; Title XV: Right of patronage ; Title XVI: Benefices ; Title XVII: Simony ; TItle XVIII: Sacrilege ; Title XIX: First fruits ; Title XX: Tithes l ; Title XXI: Private property of priests ; Title XXII: Visitation fees, rents and contributions ; Title XXIII: Festivals, fasts and alms ; Title XXIV: Pilgrims and romeros.</subfield></datafield><datafield ind1='0' ind2=' ' tag='505'><subfield code='a'>v. 2. Medieval government. Introduction to the second Partida. How to be a King ; Officials of court and realm ; Castles and their rituals ; Knights and chivalry ; Captains, seargeants and soldiery ; War at sea ; Rewards, ransom and booty ; Universities as defense of the Realm ; Suggestions for reading -- Second Partida: Public law; Government and administration. Title I: Emperors: kings and nobility ; Title II: Royal qualification ; Title III: Royal qualifications, cont&apos;d (Inner) ; Title IV: Royal qualifications, cont&apos;d (In speech) ; Title V: Royal qualifications, cont&apos;d (In deeds) ; Title VI: The King as husband ; Title VII: The King as father ; Title VIII: The King&apos;s duty towards his relatives ; Title IV: The King and his court ; Title X: The King and his people ; Title XI: The King and his country ; Title XII: People and diety ; Title XIII: The people and their King ; Title XIV: The people and the royal household ; Title XV: The people and the royal children ; Title XVI: The people and the royal officials ; Title XVII: The people and the royal property ; Title XVIII: The people and the royal demesne ; Title XIX: The people and the King&apos;s enemies ; Title XX: The people and their native country ; Title XXI: Knighthood ; Title XXII: Light calvary and infantry ; Title XXIII: War ; Title XXIV: Marine warfare ; Title XXV: Reparation ; Title XXVI: Spoils of war ; Title XXVII: War prizes ; Title XXVIII: Warning and punishment of war-time offenders ; Title XXIV: Captives and captured property ; Title XXX: Redemtioners of captives ; Title XXXI: Schools and schoolmasters.</subfield></datafield><datafield ind1='0' ind2=' ' tag='505'><subfield code='a'>v. 3. Medieval law: lawyers and their work. Introduction to the third Partida. Overview ; How a trial works ; Plaintiff, defendant, judge ; Lawyers: proctor/attorney and advocate/jurist ; Summons, charge and countercharge, oaths ; Interrogatories, witnesses ; Inquisitions: Pesquisa ; Documentary evidence and the formulary ; Notaries, seals, judgments, appeals ; Property law and ownership ; Prescription, easements, usufruct ; Praxis: a contemporary trial ; The monkey trial: Montcada versus Urgel ; Suggestions for reading -- Third Partida: procedure and property. Title 1: Justice ; Title II: Plaintiff (demandante) ; Title III: Defendant (demandado) ; Title IV. Judges ; Title V: Attorneys in fact ; Title VI: Advocates (abogados) ; Title VII: The summons ; Title VIII: Judicial award of possession ; Title IX: Sequestration ; Title X: Commencement of actions ; Title XI: Oaths of parties ; Title XII: Examination of parties after action begun ; Title XIII: Admissions ; Title XIV: Proof and presumptions ; Title XV: Time for taking proof ; Title XVI: Witnesses ; Title XVII: Official investigators ; Title XVIII: Documentary evidence ; Title XIX: Notaries ; Title XX: Seals and authentication ; Title XXI: Assessors ; Title XXII: Judgments ; Title XXIII: Appeals ; Title XXIV: Clemency ; Title XXV: Restitutio in integrum ; Title XXVI: Vacation of judgements on special grounds ; Title XXVII: execution of judgments ; Title XXVIII: Ownership ; Title XXIX: Prescription ; Title XXX: Possession ; Title XXXII: Buildings.</subfield></datafield><datafield ind1='0' ind2=' ' tag='505'><subfield code='a'>v. 4. Family, commerce and the sea. Introduction to the fourth Partida. The marriage revolution ; Marriage ceremonies ; Women in life and law ; Women&apos;s work ; The autonomous spouse ; Betrothal versus marriage ; Wedlock problems ; Impediments: consanguinity, affinity ; Dowry and dower ; Concubines, illegitimate children, adoption ; Raising children ; Slaves: a slavery code ; Vassals: feudal law ; Friends: the noblest relationship ; Suggestions fo reading -- Introduction to the fifth Partida. The commercial revolution ; Mercantile law: old and new ; Alfonso&apos;s contents ; Merchant law, maritime law ; Purchase/sale contracts ; Usury versus interest ; Perspectives ; Suggestions for reading -- Fourth Partida: Domestic relations, etc. Title I: Betrothals ; Title II: Marriage ; Title III: Clandestine betrothals and marriages ; Title IV: Conditional betrothals and marriage ; Title V: Slave marriages ; Title VI: Consanguinity and affinity ; Title VII: Godfathers and adoption ; Title VIII: Physical incapacity ; Title IX: Annulment or prevention of marriage ; Title X: Separation ; Title XI: Dowries, donations and marriage gifts ; Title XII: Remarriage after dissolution ; Title XIII: Legitimate children ; Title XIV: Concubines ; Title XV: Illegitimate children ; Title XVI: Adoption ; Title XVII: Patria Potestas ; Title XVIII: Loss of Patria Potestas ; Title XIX: Nurture of children ; Title XX: Nurture of others than children ; Title XXI: Slavery ; Title XXII: Freedom ; Title XXIII: Status ; Title XXIV: Distinctions of birth ; Title XXV: Vassals ; Title XXVI: Fiefs ; Title XXVII: Obligations of Friendship -- Fifth Partida: Obligations and and maritime law. Title I: Mutuum ; Title II: Commodatum ; Title III: Depositum ; Title IV: Donations ; Title V: Emtio et venditio (compra y venta; purchase and sale) ; Title VI: Permutatio (cambio; barter) ; Title VII: Merchants, fairs and markets, and taxes ; Title VIII: Locatio et conductio (arrendamiento; letting and hiring) ; Title IX: Maritime law ; Title X: Societas (sociedad; partnership) ; Title XI; Stipulatio (verbal contracts) ; Title XII: Fidejussio (fianza; suretyship) ; Title XIII: Pignus (prenda; pledge) ; Title XIV: Accord and satisfaction, etc. ; Title XV: Insolvency.</subfield></datafield><datafield ind1='0' ind2=' ' tag='505'><subfield code='a'>v. 5. Underworlds. Introduction to the sixth Partida. Testament as perspective: numbers ; The testator ; The universal heir ; Legacies and legatees, the executor ; Wards: guardians and administrators ; Codicils, the intestate, slaves ; Context and meaning ; Suggestions for reading -- Introduction to the seventh Partida. Alfonso&apos;s structure of crime ; Treason, infamy, corruption ; Homicide and violence ; Robberty, theft, larceny, fraud ; Sex crimes ; Sorcery and magic ; The Jews ; Mudejars: Muslims under the Latins ; Heretics, assassins, blasphemers ; Prisons, punishment, torture, pardons ; Appendixes: legal maxims and tags ; The formation of a persecuting society? ; Suggestions for reading -- Sixth Partida: Succession: Title I: Testaments ; Title II: Sealed, closed or mystic testaments ; Title III: Institution of heirs ; Title IV: Conditional institution ; Title V: Substitution of heirs ; Title VI: Deliberation of heirs, inventory and surveillance ; Title VII: Disinheritance ; Title VIII: Remedy for wrongful disinheritance ; Title IX: Legacies ; Title X: Executors ; Title XI: Reduction of legacies ; Title XII: Codicils ; Title XIII: Intestate succession ; Title XIV: Delivery of inheritance ; Title XV: Partition of inheritance ; Title XVI: Tutelage ; Title XVII: Excuses from tutorship ; Title XVIII: Removal of tutors ; Title XIX: Restitutio in integrum -- Seventh Partida: Crimes, exegesis, general principles. Title I: Accusations ; Title II: Treason (trayción) ; Title III: Charge of treason against nobiity ; Title IV: Trial by combat ; Title V: Loss of status ; Title VI: Infamy ; Title VII: Deceit (falsedad) ; Title VIII: Homicide ; Title IX: Injuria (deshonra; dishonor) ; Title X: Fuercas (violence) ; Title XI: Repudiation of friendship among nobles ; Title XII: Truce and security among nobles ; Title XIII: Robo (robbery) ; Title XIV: Hurto (larceny) ; Title XV: Injury to property ; Title XVI: Fraud ; Title XVII: Adultery ; Title XVIII: Incest ; Title XIX: Seduction ; Title XX: Abduction (violación) ; Title XXI: Sodom ; Title XXII: Procuring ; Title XXIII: Necromancy, divination, etc. ; Title XXIV: Jews ; Title XXV: Moors ; Title XXVI: Heresy ; Title XXVII: Desperados (desperate persons) ; Title XVIII: Blasphemy ; Title XXIX: Prisons and prisoners ; Title XXX: Torture ; Title XXXI: Punishment ; Title XXXII: Pardons ; Title XXXIII: Exegesis ; Title XXXIV: Maxims and general principles.</subfield></datafield><datafield ind1=' ' ind2=' ' tag='546'><subfield code='a'>Translated from the Spanish.</subfield></datafield><datafield ind1=' ' ind2=' ' tag='260'><subfield code='a'>Philadelphia :</subfield><subfield code='b'>University of Pennsylvania Press,</subfield><subfield code='c'>©2001.</subfield></datafield><datafield ind1=' ' ind2=' ' tag='300'><subfield code='a'>5 volumes (lxix, 1,492 pages) ;</subfield><subfield code='c'>24 cm</subfield></datafield><datafield ind1=' ' ind2=' ' tag='336'><subfield code='a'>text</subfield><subfield code='b'>txt</subfield><subfield code='2'>rdacontent</subfield></datafield><datafield ind1=' ' ind2=' ' tag='337'><subfield code='a'>unmediated</subfield><subfield code='b'>n</subfield><subfield code='2'>rdamedia</subfield></datafield><datafield ind1=' ' ind2=' ' tag='338'><subfield code='a'>volume</subfield><subfield code='b'>nc</subfield><subfield code='2'>rdacarrier</subfield></datafield><datafield ind1='1' ind2=' ' tag='490'><subfield code='a'>The Middle Ages series</subfield></datafield><datafield ind1=' ' ind2='0' tag='830'><subfield code='a'>Middle Ages series.</subfield></datafield><datafield ind1='0' ind2=' ' tag='130'><subfield code='a'>Siete partidas.</subfield><subfield code='l'>English.</subfield></datafield><datafield ind1='1' ind2='4' tag='245'><subfield code='a'>Las siete partidas /</subfield><subfield code='c'>translated by Samuel Parsons Scott ; edited by Robert I. Burns.</subfield></datafield><datafield ind1='0' ind2='2' tag='740'><subfield code='a'>Medieval church.</subfield></datafield><datafield ind1='0' ind2='2' tag='740'><subfield code='a'>Medieval government.</subfield></datafield><datafield ind1='0' ind2='2' tag='740'><subfield code='a'>Medieval law.</subfield></datafield><datafield ind1='0' ind2='2' tag='740'><subfield code='a'>Family, commerce and the sea.</subfield></datafield><datafield ind1='0' ind2='2' tag='740'><subfield code='a'>Underworlds.</subfield></datafield><datafield ind1='0' ind2='8' tag='776'><subfield code='i'>Online version:</subfield><subfield code='a'>Siete partidas. English.</subfield><subfield code='t'>Siete partidas.</subfield><subfield code='d'>Philadelphia : University of Pennsylvania Press, ©2001</subfield><subfield code='w'>(OCoLC)757293934</subfield></datafield><datafield ind1=' ' ind2=' ' tag='015'><subfield code='a'>GBA409289</subfield><subfield code='2'>bnb</subfield></datafield><datafield ind1='7' ind2=' ' tag='016'><subfield code='a'>006681202</subfield><subfield code='2'>Uk</subfield></datafield><datafield ind1=' ' ind2=' ' tag='019'><subfield code='a'>50386508</subfield><subfield code='a'>123103782</subfield><subfield code='a'>144927738</subfield><subfield code='a'>226092007</subfield><subfield code='a'>263114044</subfield><subfield code='a'>278329365</subfield><subfield code='a'>278329368</subfield><subfield code='a'>499137898</subfield><subfield code='a'>840169949</subfield><subfield code='a'>840575000</subfield><subfield code='a'>847348320</subfield><subfield code='a'>847609629</subfield><subfield code='a'>864359979</subfield><subfield code='a'>876109848</subfield><subfield code='a'>877408745</subfield><subfield code='a'>880943108</subfield><subfield code='a'>883825953</subfield><subfield code='a'>883891932</subfield><subfield code='a'>889577167</subfield><subfield code='a'>890280528</subfield><subfield code='a'>895021017</subfield><subfield code='a'>895247372</subfield><subfield code='a'>896790941</subfield><subfield code='a'>897022935</subfield><subfield code='a'>911004096</subfield></datafield><datafield ind1=' ' ind2=' ' tag='040'><subfield code='a'>DLC</subfield><subfield code='b'>eng</subfield><subfield code='c'>DLC</subfield><subfield code='d'>MUQ</subfield><subfield code='d'>BAKER</subfield><subfield code='d'>BTCTA</subfield><subfield code='d'>YDXCP</subfield><subfield code='d'>UQ1</subfield><subfield code='d'>OCLCG</subfield><subfield code='d'>STF</subfield><subfield code='d'>DEBBG</subfield><subfield code='d'>AU@</subfield><subfield code='d'>SHS</subfield><subfield code='d'>UKMGB</subfield><subfield code='d'>IG#</subfield><subfield code='d'>OCLCQ</subfield><subfield code='d'>BDX</subfield><subfield code='d'>OCLCF</subfield><subfield code='d'>OCLCQ</subfield><subfield code='d'>OCLCO</subfield><subfield code='d'>CWCLL</subfield><subfield code='d'>TXI</subfield><subfield code='d'>OCLCO</subfield><subfield code='d'>OCL</subfield><subfield code='d'>OCLCO</subfield><subfield code='d'>NYP</subfield></datafield><datafield ind1='1' ind2=' ' tag='041'><subfield code='a'>eng</subfield><subfield code='h'>spa</subfield></datafield><datafield ind1=' ' ind2=' ' tag='042'><subfield code='a'>pcc</subfield></datafield><datafield ind1=' ' ind2=' ' tag='043'><subfield code='a'>e-sp---</subfield></datafield><datafield ind1=' ' ind2=' ' tag='049'><subfield code='a'>NYPP</subfield></datafield><datafield ind1='0' ind2='0' tag='050'><subfield code='a'>KKT142 1384</subfield><subfield code='b'>.S5613 2001</subfield></datafield><datafield ind1='0' ind2='0' tag='082'><subfield code='a'>340.5/5/0946</subfield><subfield code='2'>21</subfield></datafield><datafield ind1=' ' ind2=' ' tag='084'><subfield code='a'>NM 1120</subfield><subfield code='2'>rvk</subfield></datafield><datafield ind1=' ' ind2=' ' tag='901'><subfield code='a'>MARS</subfield></datafield><datafield ind1='0' ind2='0' tag='908'><subfield code='a'>KKT142 1384</subfield><subfield code='b'>.S5613 2001</subfield></datafield><datafield ind1=' ' ind2=' ' tag='901'><subfield code='a'>dcp</subfield><subfield code='b'>CATRL</subfield></datafield><datafield ind1=' ' ind2=' ' tag='945'><subfield code='a'>.b209263842</subfield></datafield><datafield ind1=' ' ind2=' ' tag='946'><subfield code='a'>m</subfield></datafield><datafield ind1=' ' ind2='1' tag='949'><subfield code='z'>8528</subfield><subfield code='a'>JFM 16-20</subfield><subfield code='c'>v. 4</subfield><subfield code='i'>33433118534266</subfield><subfield code='s'>b</subfield><subfield code='l'>rc2ma</subfield><subfield code='t'>055</subfield><subfield code='h'>33</subfield><subfield code='o'>2</subfield><subfield code='v'>CATRL/dcp</subfield></datafield><datafield ind1=' ' ind2=' ' tag='910'><subfield code='a'>RL</subfield></datafield><datafield ind1='0' ind2='0' tag='907'><subfield code='a'>.b209263842</subfield></datafield><datafield ind1=' ' ind2=' ' tag='035'><subfield code='a'>(OCoLC)44750687</subfield></datafield><datafield ind1='8' ind2=' ' tag='852'><subfield code='h'>JFM 16-20 v. 3</subfield><subfield code='0'>8514922</subfield><subfield code='b'>scsbnypl</subfield></datafield><datafield ind1=' ' ind2=' ' tag='866'><subfield code='a'>v. 3</subfield><subfield code='0'>8514922</subfield></datafield><datafield ind1=' ' ind2=' ' tag='876'><subfield code='0'>8514922</subfield><subfield code='3'>v. 1</subfield><subfield code='a'>13898927</subfield><subfield code='j'>Not Available</subfield><subfield code='p'>33433119594418</subfield><subfield code='t'>1</subfield><subfield code='x'>Shared</subfield><subfield code='z'>NA</subfield><subfield code='l'>RECAP</subfield></datafield><datafield ind1=' ' ind2=' ' tag='876'><subfield code='0'>8514922</subfield><subfield code='3'>v. 3</subfield><subfield code='a'>13898929</subfield><subfield code='j'>Available</subfield><subfield code='p'>33433118580343</subfield><subfield code='t'>1</subfield><subfield code='x'>Shared</subfield><subfield code='z'>NA</subfield><subfield code='l'>RECAP</subfield></datafield><datafield ind1=' ' ind2=' ' tag='876'><subfield code='0'>8514922</subfield><subfield code='3'>v. 4</subfield><subfield code='a'>13898930</subfield><subfield code='j'>Available</subfield><subfield code='p'>33433118534266</subfield><subfield code='t'>1</subfield><subfield code='x'>Shared</subfield><subfield code='z'>NA</subfield><subfield code='l'>RECAP</subfield></datafield></record>