
<record><leader>00000cam  2200421 i 4500</leader><controlfield tag='001'>SCSB-7547049</controlfield><controlfield tag='003'>CStRLIN</controlfield><controlfield tag='005'>20000629182430.0</controlfield><controlfield tag='007'>hd afb---baca</controlfield><controlfield tag='007'>hd bfb---baba</controlfield><controlfield tag='007'>hd bfb---baaa</controlfield><controlfield tag='008'>931119s1931    ilu     ab    001 0 eng dcam i </controlfield><controlfield tag='009'>.b118181415</controlfield><datafield ind1='1' ind2=' ' tag='110'><subfield code='a'>Castile (Kingdom)</subfield></datafield><datafield ind1='0' ind2=' ' tag='700'><subfield code='a'>Alfonso</subfield><subfield code='b'>X,</subfield><subfield code='c'>King of Castile and Leon,</subfield><subfield code='d'>1221-1284.</subfield></datafield><datafield ind1='1' ind2=' ' tag='700'><subfield code='a'>Scott, S. P.</subfield><subfield code='q'>(Samuel Parsons),</subfield><subfield code='d'>1846-1929.</subfield></datafield><datafield ind1='1' ind2=' ' tag='700'><subfield code='a'>Lobingier, Charles Sumner,</subfield><subfield code='d'>1866-1956.</subfield></datafield><datafield ind1='1' ind2=' ' tag='700'><subfield code='a'>Vance, John Thomas,</subfield><subfield code='d'>1884-1943.</subfield></datafield><datafield ind1='2' ind2=' ' tag='710'><subfield code='a'>American Bar Association.</subfield><subfield code='b'>Comparative Law Bureau.</subfield></datafield><datafield ind1='2' ind2=' ' tag='710'><subfield code='a'>Commerce Clearing House.</subfield></datafield><datafield ind1=' ' ind2='0' tag='650'><subfield code='a'>Law</subfield><subfield code='z'>Castile (Kingdom)</subfield></datafield><datafield ind1=' ' ind2='0' tag='650'><subfield code='a'>Law</subfield><subfield code='z'>Spain.</subfield></datafield><datafield ind1=' ' ind2=' ' tag='504'><subfield code='a'>Includes bibliographical references (p. lxxviii-xcvii) and index.</subfield></datafield><datafield ind1=' ' ind2=' ' tag='533'><subfield code='a'>Microfilm.</subfield><subfield code='b'>New York :</subfield><subfield code='c'>New York Public Library,</subfield><subfield code='d'>1993.</subfield><subfield code='e'>1 microfilm reel ; 35 mm.</subfield><subfield code='n'>(MN *ZZ-33854).</subfield></datafield><datafield ind1=' ' ind2=' ' tag='260'><subfield code='a'>Chicago :</subfield><subfield code='b'>Published for The Comparative Law Bureau of The American Bar Association by Commerce Clearing House, Inc., Loose Leaf Service Division,</subfield><subfield code='c'>1931.</subfield></datafield><datafield ind1=' ' ind2=' ' tag='300'><subfield code='a'>xcvii, 1505 p. ;</subfield><subfield code='c'>25 cm.</subfield></datafield><datafield ind1='1' ind2='4' tag='245'><subfield code='a'>Las siete partidas</subfield><subfield code='h'>[microform] /</subfield><subfield code='c'>translation and notes by Samuel Parsons Scott ; introduction, table of contents and index by Charles Sumner Lobingier ; bibliography by John Vance.</subfield></datafield><datafield ind1='1' ind2='0' tag='240'><subfield code='a'>Laws, etc.</subfield></datafield><datafield ind1='0' ind2=' ' tag='730'><subfield code='a'>Siete partidas (Spanish law code).</subfield><subfield code='l'>English.</subfield></datafield><datafield ind1=' ' ind2=' ' tag='040'><subfield code='a'>NjP</subfield><subfield code='c'>NjP</subfield><subfield code='d'>NN</subfield><subfield code='d'>WaOLN</subfield></datafield><datafield ind1=' ' ind2=' ' tag='043'><subfield code='a'>e-sp---</subfield></datafield><datafield ind1=' ' ind2=' ' tag='997'><subfield code='a'>hf</subfield><subfield code='b'>10-30-00</subfield><subfield code='c'>m</subfield><subfield code='d'>a</subfield><subfield code='e'>-</subfield><subfield code='f'>eng</subfield><subfield code='g'>ilu</subfield><subfield code='h'>4</subfield></datafield><datafield ind1=' ' ind2=' ' tag='910'><subfield code='a'>RL</subfield></datafield><datafield ind1='0' ind2='0' tag='907'><subfield code='a'>.b118181415</subfield></datafield><datafield ind1='8' ind2=' ' tag='852'><subfield code='h'>*Z-7080</subfield><subfield code='0'>7659003</subfield><subfield code='b'>scsbnypl</subfield></datafield><datafield ind1=' ' ind2=' ' tag='876'><subfield code='0'>7659003</subfield><subfield code='a'>12507878</subfield><subfield code='h'>In Library Use</subfield><subfield code='j'>Available</subfield><subfield code='p'>33433105871507</subfield><subfield code='t'>1</subfield><subfield code='x'>Shared</subfield><subfield code='z'>NA</subfield><subfield code='l'>RECAP</subfield></datafield></record>