
<record><leader>01422cam a2200337 a 4500</leader><controlfield tag='001'>SCSB-2674369</controlfield><controlfield tag='003'>NNC</controlfield><controlfield tag='005'>20220525232511.0</controlfield><controlfield tag='008'>880802s1986    sp       b   f000 0 spa d</controlfield><controlfield tag='009'>716320</controlfield><datafield ind1=' ' ind2=' ' tag='020'><subfield code='a'>8474813654</subfield></datafield><datafield ind1=' ' ind2=' ' tag='035'><subfield code='a'>(OCoLC)ocm18299085</subfield></datafield><datafield ind1=' ' ind2=' ' tag='035'><subfield code='a'>(CStRLIN)NYCG89-B15196</subfield></datafield><datafield ind1=' ' ind2=' ' tag='035'><subfield code='9'>ADC7537CU</subfield></datafield><datafield ind1=' ' ind2=' ' tag='035'><subfield code='a'>716320</subfield></datafield><datafield ind1=' ' ind2=' ' tag='040'><subfield code='a'>GZM</subfield><subfield code='c'>GZM</subfield><subfield code='d'>IPL</subfield><subfield code='d'>GZM</subfield></datafield><datafield ind1=' ' ind2=' ' tag='043'><subfield code='a'>e-sp---</subfield></datafield><datafield ind1='1' ind2=' ' tag='100'><subfield code='a'>Bartol Hernández, J. Antonio</subfield><subfield code='q'>(José Antonio)</subfield><subfield code='0'>http://id.loc.gov/authorities/names/nr91023384</subfield></datafield><datafield ind1='1' ind2='0' tag='245'><subfield code='a'>Oraciones consecutivas y concesivas en las Siete partidas /</subfield><subfield code='c'>José Antonio Bartol Hernández.</subfield></datafield><datafield ind1=' ' ind2=' ' tag='260'><subfield code='a'>Salamanca :</subfield><subfield code='b'>Ediciones Universidad de Salamanca,</subfield><subfield code='c'>1986.</subfield></datafield><datafield ind1=' ' ind2=' ' tag='300'><subfield code='a'>247 pages ;</subfield><subfield code='c'>24 cm.</subfield></datafield><datafield ind1=' ' ind2=' ' tag='336'><subfield code='a'>text</subfield><subfield code='2'>rdacontent</subfield></datafield><datafield ind1=' ' ind2=' ' tag='337'><subfield code='a'>unmediated</subfield><subfield code='2'>rdamedia</subfield></datafield><datafield ind1=' ' ind2=' ' tag='338'><subfield code='a'>volume</subfield><subfield code='2'>rdacarrier</subfield></datafield><datafield ind1='1' ind2=' ' tag='490'><subfield code='a'>Acta Salmanticensia Studia philologica Salmanticensia. Anejos. Anejos, textos y ensayos ;</subfield><subfield code='v'>16</subfield></datafield><datafield ind1=' ' ind2=' ' tag='500'><subfield code='a'>Based on the author&apos;s thesis (doctoral--Universidad de Salamanca, 1984) under title: Sintaxis de la oración compuesta en las Siete partidas.</subfield></datafield><datafield ind1=' ' ind2=' ' tag='504'><subfield code='a'>Includes bibliographical references (p. 233-244).</subfield></datafield><datafield ind1='0' ind2='0' tag='630'><subfield code='a'>Siete partidas</subfield><subfield code='x'>Language.</subfield></datafield><datafield ind1=' ' ind2='0' tag='650'><subfield code='a'>Spanish language</subfield><subfield code='y'>To 1500</subfield><subfield code='x'>Sentences.</subfield></datafield><datafield ind1=' ' ind2='0' tag='830'><subfield code='a'>Acta Salmanticensia.</subfield><subfield code='p'>Studia philologica Salmanticensia.</subfield><subfield code='p'>Anejos, textos y ensayos ;</subfield><subfield code='v'>16.</subfield><subfield code='0'>http://id.loc.gov/authorities/names/n86710006</subfield></datafield><datafield ind1=' ' ind2=' ' tag='901'><subfield code='a'>0f45cdb5-46a0-4f88-a364-128669cbea05</subfield><subfield code='b'>25</subfield><subfield code='c'>false</subfield></datafield><datafield ind1='0' ind2='0' tag='852'><subfield code='h'>JN8140.L3 B37 1986g</subfield><subfield code='0'>2652524</subfield><subfield code='b'>scsbcul</subfield></datafield><datafield ind1=' ' ind2=' ' tag='876'><subfield code='0'>2652524</subfield><subfield code='a'>4246393</subfield><subfield code='h'> </subfield><subfield code='j'>Available</subfield><subfield code='p'>CU70614784</subfield><subfield code='t'>1</subfield><subfield code='x'>Open</subfield><subfield code='z'>CU</subfield><subfield code='l'>RECAP</subfield></datafield></record>