
<record><leader>01219cam a2200325   4500</leader><controlfield tag='001'>SCSB-3517600</controlfield><controlfield tag='003'>NNC</controlfield><controlfield tag='005'>20220615190122.0</controlfield><controlfield tag='008'>730402s1971    ua            001 0 eng  </controlfield><controlfield tag='009'>2019608</controlfield><datafield ind1=' ' ind2=' ' tag='010'><subfield code='a'>   72960338 </subfield></datafield><datafield ind1=' ' ind2=' ' tag='035'><subfield code='a'>(OCoLC)ocm00609709</subfield></datafield><datafield ind1=' ' ind2=' ' tag='035'><subfield code='9'>AMP8220CU</subfield></datafield><datafield ind1=' ' ind2=' ' tag='035'><subfield code='a'>(NNC)2019608</subfield></datafield><datafield ind1=' ' ind2=' ' tag='035'><subfield code='a'>2019608</subfield></datafield><datafield ind1=' ' ind2=' ' tag='040'><subfield code='a'>DLC</subfield><subfield code='c'>DLC</subfield><subfield code='d'>ZCU</subfield></datafield><datafield ind1='0' ind2='0' tag='050'><subfield code='a'>PN6101</subfield><subfield code='b'>.K5</subfield></datafield><datafield ind1='0' ind2=' ' tag='082'><subfield code='a'>808.81/04</subfield></datafield><datafield ind1=' ' ind2=' ' tag='090'><subfield code='a'>PN6101</subfield><subfield code='b'>.A33</subfield></datafield><datafield ind1='1' ind2=' ' tag='100'><subfield code='a'>Kharrāṭ, Idwār,</subfield><subfield code='d'>1926-2015,</subfield><subfield code='e'>compiler.</subfield><subfield code='4'>http://id.loc.gov/vocabulary/relators/com</subfield><subfield code='0'>http://id.loc.gov/authorities/names/n82270637</subfield></datafield><datafield ind1='1' ind2='0' tag='245'><subfield code='a'>Afro-Asian poetry ;</subfield><subfield code='b'>an anthology /</subfield><subfield code='c'>selected by Edward el Kharrat [and] Nihad Salem.</subfield></datafield><datafield ind1=' ' ind2=' ' tag='260'><subfield code='a'>Cairo :</subfield><subfield code='b'>Permanent Bureau of Afro-Asian Writers,</subfield><subfield code='c'>1971.</subfield></datafield><datafield ind1=' ' ind2=' ' tag='300'><subfield code='a'>370 pages ;</subfield><subfield code='c'>19 cm.</subfield></datafield><datafield ind1=' ' ind2=' ' tag='336'><subfield code='a'>text</subfield><subfield code='b'>txt</subfield><subfield code='2'>rdacontent</subfield></datafield><datafield ind1=' ' ind2=' ' tag='337'><subfield code='a'>unmediated</subfield><subfield code='b'>n</subfield><subfield code='2'>rdamedia</subfield></datafield><datafield ind1='1' ind2=' ' tag='490'><subfield code='a'>Afro-Asian literature series ;</subfield><subfield code='v'>1</subfield></datafield><datafield ind1=' ' ind2='0' tag='650'><subfield code='a'>Poetry, Modern</subfield><subfield code='y'>20th century.</subfield><subfield code='0'>http://id.loc.gov/authorities/subjects/sh85103727</subfield></datafield><datafield ind1='1' ind2=' ' tag='700'><subfield code='a'>Salem, Nehad,</subfield><subfield code='e'>compiler.</subfield><subfield code='4'>http://id.loc.gov/vocabulary/relators/com</subfield><subfield code='0'>http://id.loc.gov/authorities/names/nr89015134</subfield></datafield><datafield ind1=' ' ind2='0' tag='830'><subfield code='a'>Afro-Asian literature series ;</subfield><subfield code='v'>1.</subfield></datafield><datafield ind1=' ' ind2=' ' tag='901'><subfield code='a'>511f3c77-c964-40ff-933d-589a758dcf16</subfield><subfield code='b'>9</subfield><subfield code='c'>false</subfield></datafield><datafield ind1='0' ind2='0' tag='852'><subfield code='h'>PN6101 .A33</subfield><subfield code='0'>3520142</subfield><subfield code='b'>scsbcul</subfield></datafield><datafield ind1=' ' ind2=' ' tag='876'><subfield code='0'>3520142</subfield><subfield code='a'>5260781</subfield><subfield code='h'> </subfield><subfield code='j'>Available</subfield><subfield code='p'>CU63323834</subfield><subfield code='t'>1</subfield><subfield code='x'>Open</subfield><subfield code='z'>CU</subfield><subfield code='l'>RECAP</subfield></datafield></record>