
<record><leader>00000cam  2200253   4500</leader><controlfield tag='001'>SCSB-7232910</controlfield><controlfield tag='005'>20000629171258.0</controlfield><controlfield tag='008'>750818s1973    ua            00| 1|eng| cam   </controlfield><controlfield tag='009'>.b102669843</controlfield><datafield ind1='2' ind2=' ' tag='710'><subfield code='a'>Permanent Bureau of Afro-Asian Writers.</subfield></datafield><datafield ind1=' ' ind2='0' tag='650'><subfield code='a'>Short stories, African</subfield><subfield code='v'>Translations into English.</subfield></datafield><datafield ind1=' ' ind2='0' tag='650'><subfield code='a'>Short stories, Oriental</subfield><subfield code='v'>Translations into English.</subfield></datafield><datafield ind1=' ' ind2='0' tag='650'><subfield code='a'>Short stories</subfield><subfield code='v'>Translations into English.</subfield></datafield><datafield ind1=' ' ind2=' ' tag='010'><subfield code='a'>74960026</subfield></datafield><datafield ind1=' ' ind2=' ' tag='260'><subfield code='a'>[Cairo,</subfield><subfield code='b'>Permanent Bureau of Afro-Asian Writers,</subfield><subfield code='c'>1973]</subfield></datafield><datafield ind1=' ' ind2=' ' tag='300'><subfield code='a'>2 v.</subfield><subfield code='c'>19 cm.</subfield></datafield><datafield ind1=' ' ind2='0' tag='440'><subfield code='a'>Afro-Asian literature series ;</subfield><subfield code='v'>\[no.] 2-3</subfield></datafield><datafield ind1='0' ind2='0' tag='245'><subfield code='a'>Afro-Asian short stories;</subfield><subfield code='b'>an anthology.</subfield></datafield><datafield ind1=' ' ind2=' ' tag='040'><subfield code='c'>NN</subfield><subfield code='d'>NN</subfield><subfield code='d'>WaOLN</subfield></datafield><datafield ind1='1' ind2=' ' tag='041'><subfield code='a'>engund</subfield></datafield><datafield ind1=' ' ind2=' ' tag='997'><subfield code='a'>hg</subfield><subfield code='b'>10-06-00</subfield><subfield code='c'>m</subfield><subfield code='d'>a</subfield><subfield code='e'>-</subfield><subfield code='f'>eng</subfield><subfield code='g'>ua</subfield><subfield code='h'>0</subfield></datafield><datafield ind1=' ' ind2=' ' tag='991'><subfield code='y'>1049501</subfield></datafield><datafield ind1=' ' ind2=' ' tag='910'><subfield code='a'>RL</subfield></datafield><datafield ind1='0' ind2='0' tag='907'><subfield code='a'>.b102669843</subfield></datafield><datafield ind1=' ' ind2=' ' tag='035'><subfield code='a'>(OCoLC)1049501</subfield></datafield><datafield ind1=' ' ind2=' ' tag='901'><subfield code='a'>1883a7d1-0002-4a3e-8a69-e8bd21395cd8</subfield><subfield code='b'>9</subfield><subfield code='c'>false</subfield></datafield><datafield ind1='8' ind2=' ' tag='852'><subfield code='h'>JFK 75-243 v. 1</subfield><subfield code='0'>7328550</subfield><subfield code='b'>scsbnypl</subfield></datafield><datafield ind1=' ' ind2=' ' tag='866'><subfield code='a'>v. 1</subfield><subfield code='0'>7328550</subfield></datafield><datafield ind1=' ' ind2=' ' tag='876'><subfield code='0'>7328550</subfield><subfield code='3'>v. 1</subfield><subfield code='a'>11959548</subfield><subfield code='j'>Available</subfield><subfield code='p'>33433005393073</subfield><subfield code='t'>1</subfield><subfield code='x'>Open</subfield><subfield code='z'>NA</subfield><subfield code='l'>RECAP</subfield></datafield><datafield ind1=' ' ind2=' ' tag='876'><subfield code='0'>7328550</subfield><subfield code='3'>v. 2</subfield><subfield code='a'>11959549</subfield><subfield code='j'>Available</subfield><subfield code='p'>33433005393081</subfield><subfield code='t'>1</subfield><subfield code='x'>Open</subfield><subfield code='z'>NA</subfield><subfield code='l'>RECAP</subfield></datafield></record>