
<record><leader>01073nam a2200277 a 4500</leader><controlfield tag='001'>SCSB-6749445</controlfield><controlfield tag='003'>ItFiC</controlfield><controlfield tag='005'>20130805151600.0</controlfield><controlfield tag='008'>130802s2012    it a     b    001 0dita d</controlfield><controlfield tag='009'>.b199532837</controlfield><datafield ind1=' ' ind2=' ' tag='010'><subfield code='a'>  2013393290</subfield></datafield><datafield ind1=' ' ind2=' ' tag='020'><subfield code='a'>9788836625765 :</subfield><subfield code='c'>29.00 EUR</subfield></datafield><datafield ind1=' ' ind2=' ' tag='040'><subfield code='a'>ItFiC</subfield><subfield code='c'>ItFiC</subfield></datafield><datafield ind1='0' ind2='0' tag='050'><subfield code='a'>ND497.M7</subfield><subfield code='b'>V55 2012</subfield></datafield><datafield ind1='1' ind2=' ' tag='100'><subfield code='a'>Villari, Anna,</subfield><subfield code='d'>1970-</subfield></datafield><datafield ind1='1' ind2='0' tag='245'><subfield code='a'>Albert Moore :</subfield><subfield code='b'>l&apos;Aesthetic movement e il mito della bellezza nell&apos;Inghilterra vittoriana /</subfield><subfield code='c'>Anna Villari.</subfield></datafield><datafield ind1=' ' ind2=' ' tag='260'><subfield code='a'>Cinisello Balsamo, Milano :</subfield><subfield code='b'>Silvana,</subfield><subfield code='c'>c2012.</subfield></datafield><datafield ind1=' ' ind2=' ' tag='300'><subfield code='a'>189 p. :</subfield><subfield code='b'>ill. (some col.) ;</subfield><subfield code='c'>25 cm.</subfield></datafield><datafield ind1=' ' ind2=' ' tag='504'><subfield code='a'>Includes bibliographical references (p. 182-187) and index.</subfield></datafield><datafield ind1='1' ind2='0' tag='600'><subfield code='a'>Moore, Albert Joseph,</subfield><subfield code='d'>1841-1893</subfield><subfield code='x'>Criticism and interpretation.</subfield></datafield><datafield ind1=' ' ind2='0' tag='650'><subfield code='a'>Aesthetic movement (Art)</subfield></datafield><datafield ind1=' ' ind2=' ' tag='907'><subfield code='a'>.b199532837</subfield><subfield code='c'>m</subfield><subfield code='d'>a</subfield><subfield code='e'>t</subfield><subfield code='f'>ita</subfield><subfield code='g'>it</subfield><subfield code='h'>0</subfield><subfield code='i'>0</subfield></datafield><datafield ind1=' ' ind2=' ' tag='035'><subfield code='a'>(OCoLC)0829686459</subfield></datafield><datafield ind1=' ' ind2=' ' tag='901'><subfield code='a'>2eb50a91-a643-44f4-9547-f974869a3804</subfield><subfield code='b'>29</subfield><subfield code='c'>false</subfield></datafield><datafield ind1='8' ind2=' ' tag='852'><subfield code='h'>ReCAP 13-42973</subfield><subfield code='0'>6831597</subfield><subfield code='b'>scsbnypl</subfield></datafield><datafield ind1=' ' ind2=' ' tag='876'><subfield code='0'>6831597</subfield><subfield code='a'>10992590</subfield><subfield code='h'>In Library Use</subfield><subfield code='j'>Available</subfield><subfield code='p'>33433111319400</subfield><subfield code='t'>1</subfield><subfield code='x'>Open</subfield><subfield code='z'>NA</subfield><subfield code='l'>RECAP</subfield></datafield></record>