
<record><leader>01534cam a2200373 a 4500</leader><controlfield tag='001'>SCSB-5706671</controlfield><controlfield tag='003'>NNC</controlfield><controlfield tag='005'>20230119011726.0</controlfield><controlfield tag='008'>130802t20122012it a     b    001 0dita d</controlfield><controlfield tag='009'>10476349</controlfield><datafield ind1=' ' ind2=' ' tag='010'><subfield code='a'>  2013393290</subfield></datafield><datafield ind1=' ' ind2=' ' tag='020'><subfield code='a'>9788836625765 :</subfield><subfield code='c'>29.00 EUR</subfield></datafield><datafield ind1=' ' ind2=' ' tag='035'><subfield code='a'>(OCoLC)829686459</subfield></datafield><datafield ind1=' ' ind2=' ' tag='035'><subfield code='a'>(OCoLC)ocn829686459</subfield></datafield><datafield ind1=' ' ind2=' ' tag='035'><subfield code='a'>(ItFiC)it 13100467</subfield></datafield><datafield ind1=' ' ind2=' ' tag='035'><subfield code='a'>(NNC)10476349</subfield></datafield><datafield ind1=' ' ind2=' ' tag='035'><subfield code='a'>10476349</subfield></datafield><datafield ind1=' ' ind2=' ' tag='040'><subfield code='a'>ItFiC</subfield><subfield code='c'>ItFiC</subfield></datafield><datafield ind1='0' ind2='0' tag='050'><subfield code='a'>ND497.M7</subfield><subfield code='b'>V55 2012</subfield></datafield><datafield ind1='1' ind2=' ' tag='100'><subfield code='a'>Villari, Anna,</subfield><subfield code='d'>1970-</subfield><subfield code='0'>http://id.loc.gov/authorities/names/no2013088039</subfield></datafield><datafield ind1='1' ind2='0' tag='245'><subfield code='a'>Albert Moore :</subfield><subfield code='b'>l&apos;Aesthetic movement e il mito della bellezza nell&apos;Inghilterra vittoriana /</subfield><subfield code='c'>Anna Villari.</subfield></datafield><datafield ind1=' ' ind2=' ' tag='260'><subfield code='a'>Cinisello Balsamo, Milano :</subfield><subfield code='b'>Silvana,</subfield><subfield code='c'>[2012], ©2012.</subfield></datafield><datafield ind1=' ' ind2=' ' tag='300'><subfield code='a'>189 pages :</subfield><subfield code='b'>illustrations (some color) ;</subfield><subfield code='c'>25 cm</subfield></datafield><datafield ind1=' ' ind2=' ' tag='336'><subfield code='a'>text</subfield><subfield code='b'>txt</subfield><subfield code='2'>rdacontent</subfield></datafield><datafield ind1=' ' ind2=' ' tag='337'><subfield code='a'>unmediated</subfield><subfield code='b'>n</subfield><subfield code='2'>rdamedia</subfield></datafield><datafield ind1=' ' ind2=' ' tag='504'><subfield code='a'>Includes bibliographical references (p. 182-187) and index.</subfield></datafield><datafield ind1='1' ind2='0' tag='600'><subfield code='a'>Moore, Albert Joseph,</subfield><subfield code='d'>1841-1893</subfield><subfield code='x'>Criticism and interpretation.</subfield></datafield><datafield ind1=' ' ind2='0' tag='650'><subfield code='a'>Aesthetic movement (Art)</subfield><subfield code='0'>http://id.loc.gov/authorities/subjects/sh85001438</subfield></datafield><datafield ind1=' ' ind2=' ' tag='901'><subfield code='a'>2eb50a91-a643-44f4-9547-f974869a3804</subfield><subfield code='b'>29</subfield><subfield code='c'>false</subfield></datafield><datafield ind1='0' ind2='0' tag='852'><subfield code='h'>ND497.M7 V55 2012</subfield><subfield code='0'>5696368</subfield><subfield code='b'>scsbcul</subfield></datafield><datafield ind1=' ' ind2=' ' tag='876'><subfield code='0'>5696368</subfield><subfield code='a'>8396130</subfield><subfield code='h'>In Library Use</subfield><subfield code='j'>Available</subfield><subfield code='p'>AR01475282</subfield><subfield code='t'>1</subfield><subfield code='x'>Shared</subfield><subfield code='z'>AR</subfield><subfield code='l'>RECAP</subfield></datafield></record>