
<record><leader>01329cam a2200361   4500</leader><controlfield tag='001'>SCSB-3456584</controlfield><controlfield tag='003'>NNC</controlfield><controlfield tag='005'>20220609030128.0</controlfield><controlfield tag='008'>740204s1972    enka     c    000 0 eng  </controlfield><controlfield tag='009'>1923238</controlfield><datafield ind1=' ' ind2=' ' tag='010'><subfield code='a'>   74153167 </subfield></datafield><datafield ind1=' ' ind2=' ' tag='015'><subfield code='a'>GB***</subfield></datafield><datafield ind1=' ' ind2=' ' tag='035'><subfield code='a'>(OCoLC)ocm00822012</subfield></datafield><datafield ind1=' ' ind2=' ' tag='035'><subfield code='9'>AMB8619CU</subfield></datafield><datafield ind1=' ' ind2=' ' tag='035'><subfield code='a'>1923238</subfield></datafield><datafield ind1=' ' ind2=' ' tag='040'><subfield code='a'>DLC</subfield><subfield code='c'>DLC</subfield><subfield code='d'>ZCU</subfield></datafield><datafield ind1=' ' ind2=' ' tag='043'><subfield code='a'>e-uk---</subfield></datafield><datafield ind1='0' ind2='0' tag='050'><subfield code='a'>N6767</subfield><subfield code='b'>.G73</subfield></datafield><datafield ind1='0' ind2=' ' tag='082'><subfield code='a'>759.2</subfield></datafield><datafield ind1='1' ind2=' ' tag='100'><subfield code='a'>Green, Richard,</subfield><subfield code='c'>M.A.</subfield><subfield code='0'>http://id.loc.gov/authorities/names/n85059111</subfield></datafield><datafield ind1='1' ind2='0' tag='245'><subfield code='a'>Albert Moore and his contemporaries /</subfield><subfield code='c'>[by Richard Green.</subfield></datafield><datafield ind1=' ' ind2=' ' tag='260'><subfield code='a'>Newcastle-upon-Tyne :</subfield><subfield code='b'>Laing Art Gallery,</subfield><subfield code='c'>1972]</subfield></datafield><datafield ind1=' ' ind2=' ' tag='300'><subfield code='a'>44 pages :</subfield><subfield code='b'>illustrations ;</subfield><subfield code='c'>24 cm</subfield></datafield><datafield ind1=' ' ind2=' ' tag='336'><subfield code='a'>text</subfield><subfield code='b'>txt</subfield><subfield code='2'>rdacontent</subfield></datafield><datafield ind1=' ' ind2=' ' tag='337'><subfield code='a'>unmediated</subfield><subfield code='b'>n</subfield><subfield code='2'>rdamedia</subfield></datafield><datafield ind1=' ' ind2=' ' tag='500'><subfield code='a'>At head of title: Newcastle Festival 1972.</subfield></datafield><datafield ind1=' ' ind2=' ' tag='500'><subfield code='a'>Catalog of exhibition held Laing Art Gallery, Newcastle Upon Tyne, 23 September-22 October 1972.</subfield></datafield><datafield ind1='1' ind2='0' tag='600'><subfield code='a'>Moore, Albert Joseph,</subfield><subfield code='d'>1841-1893.</subfield><subfield code='0'>http://id.loc.gov/authorities/names/nr93002544</subfield></datafield><datafield ind1=' ' ind2='0' tag='650'><subfield code='a'>Art, Victorian</subfield><subfield code='v'>Exhibitions.</subfield></datafield><datafield ind1=' ' ind2='0' tag='650'><subfield code='a'>Art, Victorian</subfield><subfield code='z'>Great Britain.</subfield></datafield><datafield ind1='1' ind2=' ' tag='700'><subfield code='a'>Moore, Albert Joseph,</subfield><subfield code='d'>1841-1893.</subfield><subfield code='0'>http://id.loc.gov/authorities/names/nr93002544</subfield></datafield><datafield ind1='2' ind2=' ' tag='710'><subfield code='a'>Laing Art Gallery.</subfield><subfield code='0'>http://id.loc.gov/authorities/names/n50077897</subfield></datafield><datafield ind1=' ' ind2=' ' tag='901'><subfield code='a'>2dff6411-899e-4b69-b683-d631ec34fe55</subfield><subfield code='b'>9</subfield><subfield code='c'>false</subfield></datafield><datafield ind1='8' ind2='0' tag='852'><subfield code='h'>ND497 M78 G82</subfield><subfield code='0'>3442422</subfield><subfield code='b'>scsbcul</subfield></datafield><datafield ind1=' ' ind2=' ' tag='876'><subfield code='0'>3442422</subfield><subfield code='a'>5171812</subfield><subfield code='h'>In Library Use</subfield><subfield code='j'>Available</subfield><subfield code='p'>AR70965897</subfield><subfield code='t'>1</subfield><subfield code='x'>Shared</subfield><subfield code='z'>AR</subfield><subfield code='l'>RECAP</subfield></datafield></record>