
<record><leader>03197nam a2200565Ia 4500</leader><controlfield tag='001'>SCSB-15396360</controlfield><controlfield tag='005'>20250620224538.7</controlfield><controlfield tag='008'>880810m19381942nyua          001 0 eng a</controlfield><controlfield tag='009'>in00033701105</controlfield><datafield ind1=' ' ind2=' ' tag='010'><subfield code='a'>   38016883 </subfield></datafield><datafield ind1=' ' ind2=' ' tag='035'><subfield code='a'>(OCoLC)3657895</subfield></datafield><datafield ind1=' ' ind2=' ' tag='035'><subfield code='a'>law539306</subfield></datafield><datafield ind1=' ' ind2=' ' tag='040'><subfield code='a'>DLC</subfield><subfield code='c'>OkTOR</subfield><subfield code='d'>m.c.</subfield><subfield code='d'>TxU-L</subfield><subfield code='d'>CStRLIN</subfield><subfield code='d'>UtOrBLW</subfield></datafield><datafield ind1=' ' ind2=' ' tag='043'><subfield code='a'>n-us---</subfield></datafield><datafield ind1=' ' ind2='4' tag='050'><subfield code='a'>KF8816</subfield><subfield code='b'>.A2 1938</subfield></datafield><datafield ind1='1' ind2=' ' tag='100'><subfield code='a'>Moore, James William,</subfield><subfield code='d'>1905-1994.</subfield><subfield code='0'>n 79109765</subfield><subfield code='0'>http://id.loc.gov/authorities/names/n79109765</subfield></datafield><datafield ind1='1' ind2='0' tag='245'><subfield code='a'>Moore&apos;s Federal practice :</subfield><subfield code='b'>a treatise on the Federal rules of civil procedure /</subfield><subfield code='c'>by James Wm. Moore [and] Joseph Friedman with foreword by Hon. Martin T. Manton.</subfield></datafield><datafield ind1=' ' ind2='1' tag='264'><subfield code='a'>Albany, N.Y. :</subfield><subfield code='b'>M. Bender,</subfield><subfield code='c'>1938-42.</subfield></datafield><datafield ind1=' ' ind2=' ' tag='300'><subfield code='a'>4 volumes :</subfield><subfield code='b'>mounted folded illustrations ;</subfield><subfield code='c'>25 cm</subfield></datafield><datafield ind1=' ' ind2=' ' tag='336'><subfield code='a'>text</subfield><subfield code='b'>txt</subfield><subfield code='2'>rdacontent</subfield></datafield><datafield ind1=' ' ind2=' ' tag='337'><subfield code='a'>unmediated</subfield><subfield code='b'>n</subfield><subfield code='2'>rdamedia</subfield></datafield><datafield ind1=' ' ind2=' ' tag='338'><subfield code='a'>volume</subfield><subfield code='2'>rdacarrier</subfield></datafield><datafield ind1=' ' ind2=' ' tag='340'><subfield code='p'>illustration</subfield><subfield code='2'>rdaill</subfield></datafield><datafield ind1=' ' ind2=' ' tag='500'><subfield code='a'>Paged continuously</subfield></datafield><datafield ind1=' ' ind2=' ' tag='500'><subfield code='a'>Map on front lining paper of volume 1.</subfield></datafield><datafield ind1=' ' ind2=' ' tag='500'><subfield code='a'>Supplements to be inserted in pocket at end of each volume</subfield></datafield><datafield ind1=' ' ind2=' ' tag='500'><subfield code='a'>Appendix. volume 3. pages 3589-4017: Forms. Supreme court rules. April 1937 draft of Federal rules. Bibliography. Tables of equity rules. Tables of statutes. Tables of selected cases. Index.</subfield></datafield><datafield ind1=' ' ind2=' ' tag='500'><subfield code='a'>Vol 4: Forms, by J. A. Pike and H. G. Fischer under the immediate direction of J. W. Willis</subfield></datafield><datafield ind1=' ' ind2='0' tag='650'><subfield code='a'>Court rules</subfield><subfield code='z'>United States.</subfield><subfield code='0'>sh2008100984</subfield><subfield code='0'>http://id.loc.gov/authorities/subjects/sh2008100984</subfield></datafield><datafield ind1=' ' ind2='0' tag='650'><subfield code='a'>Civil procedure</subfield><subfield code='z'>United States.</subfield><subfield code='0'>sh2008100983</subfield><subfield code='0'>http://id.loc.gov/authorities/subjects/sh2008100983</subfield></datafield><datafield ind1=' ' ind2='0' tag='650'><subfield code='a'>Equity pleading and procedure</subfield><subfield code='z'>United States.</subfield><subfield code='0'>sh2008103306</subfield><subfield code='0'>http://id.loc.gov/authorities/subjects/sh2008103306</subfield></datafield><datafield ind1=' ' ind2='0' tag='650'><subfield code='a'>Appellate procedure</subfield><subfield code='z'>United States.</subfield><subfield code='0'>sh2007101195</subfield><subfield code='0'>http://id.loc.gov/authorities/subjects/sh2007101195</subfield></datafield><datafield ind1=' ' ind2='0' tag='650'><subfield code='a'>Forms (Law)</subfield><subfield code='z'>United States.</subfield><subfield code='0'>sh2008104065</subfield><subfield code='0'>http://id.loc.gov/authorities/subjects/sh2008104065</subfield></datafield><datafield ind1='1' ind2=' ' tag='700'><subfield code='a'>Friedman, Joseph,</subfield><subfield code='d'>1922-2006.</subfield><subfield code='0'>nr2005030648</subfield><subfield code='0'>http://id.loc.gov/authorities/names/nr2005030648</subfield></datafield><datafield ind1='1' ind2=' ' tag='700'><subfield code='a'>Greenfield, John Mabry,</subfield><subfield code='d'>1878-</subfield></datafield><datafield ind1='1' ind2=' ' tag='700'><subfield code='a'>Pike, James A.</subfield><subfield code='q'>(James Albert),</subfield><subfield code='d'>1913-1969.</subfield><subfield code='0'>n 50009859</subfield><subfield code='0'>http://id.loc.gov/authorities/names/n50009859</subfield></datafield><datafield ind1='1' ind2=' ' tag='700'><subfield code='a'>Fischer, Henry G.</subfield><subfield code='q'>(Henry Gold),</subfield><subfield code='d'>1911-</subfield><subfield code='0'>n 82260500</subfield><subfield code='0'>http://id.loc.gov/authorities/names/n82260500</subfield></datafield><datafield ind1='1' ind2=' ' tag='700'><subfield code='a'>Willis, John William,</subfield><subfield code='d'>1913-</subfield><subfield code='0'>n 79007004</subfield><subfield code='0'>http://id.loc.gov/authorities/names/n79007004</subfield></datafield><datafield ind1='1' ind2=' ' tag='710'><subfield code='a'>United States.</subfield><subfield code='b'>Supreme Court.</subfield><subfield code='0'>n 79006848</subfield><subfield code='0'>http://id.loc.gov/authorities/names/n79006848</subfield></datafield><datafield ind1='1' ind2=' ' tag='710'><subfield code='a'>United States.</subfield><subfield code='b'>District Courts.</subfield></datafield><datafield ind1='1' ind2=' ' tag='710'><subfield code='a'>United States.</subfield><subfield code='b'>District Court (District of Columbia)</subfield><subfield code='0'>n 79018805</subfield><subfield code='0'>http://id.loc.gov/authorities/names/n79018805</subfield></datafield><datafield ind1='1' ind2=' ' tag='710'><subfield code='a'>United States Courts.</subfield></datafield><datafield ind1=' ' ind2=' ' tag='740'><subfield code='a'>Federal rules of civil procedure</subfield></datafield><datafield ind1=' ' ind2=' ' tag='907'><subfield code='a'>.b2350579</subfield><subfield code='b'>2016-06-16</subfield><subfield code='c'>1988-08-10</subfield></datafield><datafield ind1='z' ind2='z' tag='909'><subfield code='o'>oai:pegasus.law.columbia.edu:539306</subfield><subfield code='p'>lawclio</subfield></datafield><datafield ind1=' ' ind2=' ' tag='922'><subfield code='a'>Backstage MARS</subfield><subfield code='b'>2014-05-28</subfield><subfield code='c'>2014-06-06</subfield></datafield><datafield ind1=' ' ind2=' ' tag='922'><subfield code='a'>RDA ENRICHED</subfield></datafield><datafield ind1=' ' ind2=' ' tag='922'><subfield code='a'>MARS</subfield></datafield><datafield ind1=' ' ind2=' ' tag='980'><subfield code='a'>BIB</subfield></datafield><datafield ind1=' ' ind2=' ' tag='998'><subfield code='b'>1988-08-10</subfield></datafield><datafield ind1=' ' ind2=' ' tag='901'><subfield code='a'>b07d8780-d140-43b7-abd2-9b8aef2ac20f</subfield><subfield code='b'>9</subfield><subfield code='c'>false</subfield></datafield><datafield ind1='0' ind2='0' tag='852'><subfield code='0'>16512543</subfield><subfield code='h'>KF8816</subfield><subfield code='i'>.A2 1938</subfield><subfield code='b'>scsbcul</subfield></datafield><datafield ind1=' ' ind2=' ' tag='876'><subfield code='0'>16512543</subfield><subfield code='a'>23342414</subfield><subfield code='j'>Available</subfield><subfield code='p'>3500501114224S</subfield><subfield code='t'>0</subfield><subfield code='x'>Shared</subfield><subfield code='z'>CL</subfield><subfield code='l'>RECAP</subfield></datafield><datafield ind1=' ' ind2=' ' tag='876'><subfield code='0'>16512543</subfield><subfield code='a'>23408168</subfield><subfield code='j'>Available</subfield><subfield code='p'>3500501294212Y</subfield><subfield code='t'>0</subfield><subfield code='x'>Shared</subfield><subfield code='z'>CL</subfield><subfield code='l'>RECAP</subfield></datafield><datafield ind1=' ' ind2=' ' tag='876'><subfield code='0'>16512543</subfield><subfield code='a'>23408193</subfield><subfield code='j'>Available</subfield><subfield code='p'>3500501294213Z</subfield><subfield code='t'>0</subfield><subfield code='x'>Shared</subfield><subfield code='z'>CL</subfield><subfield code='l'>RECAP</subfield></datafield></record>