
<record><leader>01996cam a2200433I  4500</leader><controlfield tag='001'>SCSB-10033841</controlfield><controlfield tag='005'>20020606093309.7</controlfield><controlfield tag='008'>780221m19381942nyua          001 0 eng  </controlfield><controlfield tag='009'>990034125960203941</controlfield><datafield ind1=' ' ind2=' ' tag='010'><subfield code='a'>^^^38016883^//r2</subfield></datafield><datafield ind1=' ' ind2=' ' tag='035'><subfield code='a'>(OCoLC)3657895</subfield></datafield><datafield ind1=' ' ind2=' ' tag='040'><subfield code='a'>DLC</subfield><subfield code='c'>OKO</subfield><subfield code='d'>OCL</subfield><subfield code='d'>HVL</subfield></datafield><datafield ind1=' ' ind2=' ' tag='043'><subfield code='a'>n-us---</subfield></datafield><datafield ind1='0' ind2='0' tag='050'><subfield code='a'>KF8820.A313</subfield><subfield code='b'>M62</subfield></datafield><datafield ind1=' ' ind2=' ' tag='090'><subfield code='a'>KF8840</subfield><subfield code='b'>.M64</subfield></datafield><datafield ind1='1' ind2=' ' tag='100'><subfield code='a'>Moore, James William,</subfield><subfield code='d'>1905-</subfield></datafield><datafield ind1='1' ind2='0' tag='240'><subfield code='a'>Federal practice</subfield></datafield><datafield ind1='1' ind2='0' tag='245'><subfield code='a'>Moore&apos;s Federal practice:</subfield><subfield code='b'>a treatise on the Federal rules of civil procedure,</subfield><subfield code='c'>by James Wm. Moore [and] Joseph Friedman with foreword by Hon. Martin T. Manton.</subfield></datafield><datafield ind1='3' ind2=' ' tag='246'><subfield code='a'>Federal rules of civil procedure.</subfield></datafield><datafield ind1=' ' ind2=' ' tag='260'><subfield code='a'>Albany, N.Y.,</subfield><subfield code='b'>M. Bender,</subfield><subfield code='c'>1938-42.</subfield></datafield><datafield ind1=' ' ind2=' ' tag='300'><subfield code='a'>4 v.</subfield><subfield code='b'>mounted fold. diagr.</subfield><subfield code='c'>25 cm.</subfield></datafield><datafield ind1=' ' ind2=' ' tag='500'><subfield code='a'>Paged continuously.</subfield></datafield><datafield ind1=' ' ind2=' ' tag='500'><subfield code='a'>Map on front lining paper of v. 1.</subfield></datafield><datafield ind1=' ' ind2=' ' tag='500'><subfield code='a'>Supplements to be inserted in pocket at end of each volume.</subfield></datafield><datafield ind1=' ' ind2=' ' tag='500'><subfield code='a'>Appendix. v. 3. p. 3589-4017: Forms. Supreme court rules. April 1937 draft of Federal rules. Bibliography. Tables of equity rules. Tables of statutes. Tables of selected cases. Index.</subfield></datafield><datafield ind1=' ' ind2=' ' tag='500'><subfield code='a'>Vol 4: Forms, by J. A. Pike and H. G. Fischer under the immediate direction of J. W. Willis.</subfield></datafield><datafield ind1=' ' ind2=' ' tag='500'><subfield code='a'>Kept up to date by cumulative supplements.</subfield></datafield><datafield ind1=' ' ind2='0' tag='650'><subfield code='a'>Court rules</subfield><subfield code='z'>United States.</subfield></datafield><datafield ind1=' ' ind2='0' tag='650'><subfield code='a'>Civil procedure</subfield><subfield code='z'>United States.</subfield></datafield><datafield ind1=' ' ind2='0' tag='650'><subfield code='a'>Equity pleading and procedure</subfield><subfield code='z'>United States.</subfield></datafield><datafield ind1=' ' ind2='0' tag='650'><subfield code='a'>Appellate procedure</subfield><subfield code='z'>United States.</subfield></datafield><datafield ind1=' ' ind2='0' tag='650'><subfield code='a'>Forms (Law)</subfield><subfield code='z'>United States.</subfield></datafield><datafield ind1='1' ind2='0' tag='610'><subfield code='a'>United States.</subfield><subfield code='b'>Supreme Court.</subfield><subfield code='t'>Federal rules of civil procedure</subfield></datafield><datafield ind1='1' ind2=' ' tag='700'><subfield code='a'>Friedman, Joseph,</subfield><subfield code='e'>joint author.</subfield></datafield><datafield ind1='1' ind2=' ' tag='700'><subfield code='a'>Greenfield, John Mabry,</subfield><subfield code='d'>1878- ,</subfield><subfield code='e'>joint author.</subfield></datafield><datafield ind1='1' ind2=' ' tag='700'><subfield code='a'>Pike, James A.</subfield><subfield code='q'>(James Albert),</subfield><subfield code='d'>1913-1969</subfield><subfield code='e'>joint author.</subfield></datafield><datafield ind1='1' ind2=' ' tag='700'><subfield code='a'>Fischer, Henry G.</subfield><subfield code='q'>(Henry Gold),</subfield><subfield code='d'>1911-</subfield><subfield code='e'>joint author.</subfield></datafield><datafield ind1='1' ind2=' ' tag='700'><subfield code='a'>Willis, John William,</subfield><subfield code='d'>1913- ,</subfield><subfield code='e'>ed.</subfield></datafield><datafield ind1='1' ind2=' ' tag='700'><subfield code='a'>Friedman, Joseph.</subfield></datafield><datafield ind1='1' ind2=' ' tag='700'><subfield code='a'>Greenfield, John Mabry,</subfield><subfield code='d'>1878-</subfield></datafield><datafield ind1='1' ind2=' ' tag='700'><subfield code='a'>Pike, James A.</subfield><subfield code='q'>(James Albert),</subfield><subfield code='d'>1913-1969,</subfield><subfield code='e'>author.</subfield></datafield><datafield ind1='1' ind2=' ' tag='700'><subfield code='a'>Fischer, Henry G.</subfield><subfield code='q'>(Henry Gold),</subfield><subfield code='d'>1911-</subfield><subfield code='e'>author.</subfield></datafield><datafield ind1='1' ind2=' ' tag='700'><subfield code='a'>Willis, John William,</subfield><subfield code='d'>1913-</subfield><subfield code='e'>editor.</subfield></datafield><datafield ind1='1' ind2=' ' tag='710'><subfield code='a'>United States.</subfield><subfield code='b'>Supreme Court.</subfield></datafield><datafield ind1='1' ind2=' ' tag='710'><subfield code='a'>United States.</subfield><subfield code='b'>District Court (District of Columbia)</subfield></datafield><datafield ind1='0' ind2='8' tag='776'><subfield code='i'>Online version:</subfield><subfield code='a'>Moore, James William, 1905-1994.</subfield><subfield code='t'>Moore&apos;s Federal practice.</subfield><subfield code='d'>Albany, N.Y. : M. Bender, 1938-1942</subfield><subfield code='w'>(OCoLC)741480934</subfield></datafield><datafield ind1='1' ind2=' ' tag='583'><subfield code='a'>committed to retain</subfield><subfield code='c'>20181001</subfield><subfield code='d'>in perpetuity</subfield><subfield code='f'>ReCAP Shared Collection</subfield><subfield code='5'>HUL</subfield><subfield code='8'>221881397800003941</subfield></datafield><datafield ind1=' ' ind2=' ' tag='901'><subfield code='a'>b07d8780-d140-43b7-abd2-9b8aef2ac20f</subfield><subfield code='b'>9</subfield><subfield code='c'>false</subfield></datafield><datafield ind1='8' ind2=' ' tag='852'><subfield code='c'>HD</subfield><subfield code='h'>US</subfield><subfield code='i'>991</subfield><subfield code='i'>MOO</subfield><subfield code='0'>10780864</subfield><subfield code='b'>scsbhl</subfield></datafield><datafield ind1=' ' ind2=' ' tag='876'><subfield code='0'>10780864</subfield><subfield code='3'>v.4 Pleadings, motions, orders</subfield><subfield code='a'>16480011</subfield><subfield code='h'> </subfield><subfield code='j'>Available</subfield><subfield code='k'>LAW</subfield><subfield code='p'>32044032516346</subfield><subfield code='x'>Shared</subfield><subfield code='z'>HL</subfield><subfield code='l'>HD</subfield></datafield><datafield ind1=' ' ind2=' ' tag='876'><subfield code='0'>10780864</subfield><subfield code='3'>v.3</subfield><subfield code='a'>16480012</subfield><subfield code='h'> </subfield><subfield code='j'>Available</subfield><subfield code='k'>LAW</subfield><subfield code='p'>32044032499055</subfield><subfield code='x'>Shared</subfield><subfield code='z'>HL</subfield><subfield code='l'>HD</subfield></datafield><datafield ind1=' ' ind2=' ' tag='876'><subfield code='0'>10780864</subfield><subfield code='3'>v.3 Rules 38-86</subfield><subfield code='a'>16480013</subfield><subfield code='h'> </subfield><subfield code='j'>Available</subfield><subfield code='k'>LAW</subfield><subfield code='p'>32044032516338</subfield><subfield code='x'>Shared</subfield><subfield code='z'>HL</subfield><subfield code='l'>HD</subfield></datafield><datafield ind1=' ' ind2=' ' tag='876'><subfield code='0'>10780864</subfield><subfield code='3'>v.2 Rules 17-37</subfield><subfield code='a'>16480014</subfield><subfield code='h'> </subfield><subfield code='j'>Available</subfield><subfield code='k'>LAW</subfield><subfield code='p'>32044032516320</subfield><subfield code='x'>Shared</subfield><subfield code='z'>HL</subfield><subfield code='l'>HD</subfield></datafield><datafield ind1=' ' ind2=' ' tag='876'><subfield code='0'>10780864</subfield><subfield code='3'>v.1 Rules 1-16</subfield><subfield code='a'>16480015</subfield><subfield code='h'> </subfield><subfield code='j'>Available</subfield><subfield code='k'>LAW</subfield><subfield code='p'>32044032160939</subfield><subfield code='x'>Shared</subfield><subfield code='z'>HL</subfield><subfield code='l'>HD</subfield></datafield></record>