
<record><leader>01414cam a2200265I  4500</leader><controlfield tag='001'>SCSB-8195521</controlfield><controlfield tag='003'>OCoLC</controlfield><controlfield tag='005'>19990222110153.2</controlfield><controlfield tag='008'>750619s1922    nyu           000 0 eng  </controlfield><controlfield tag='009'>.b131144704</controlfield><datafield ind1=' ' ind2=' ' tag='010'><subfield code='a'>22019021</subfield></datafield><datafield ind1=' ' ind2=' ' tag='040'><subfield code='a'>DLC</subfield><subfield code='c'>DZM</subfield><subfield code='d'>SER</subfield><subfield code='d'>NYP</subfield><subfield code='d'>WaOLN</subfield></datafield><datafield ind1=' ' ind2=' ' tag='049'><subfield code='a'>NYPG</subfield></datafield><datafield ind1='0' ind2='0' tag='050'><subfield code='a'>PN511</subfield><subfield code='b'>.M22</subfield></datafield><datafield ind1='1' ind2=' ' tag='100'><subfield code='a'>Macy, John Albert,</subfield><subfield code='d'>1877-1932.</subfield></datafield><datafield ind1='1' ind2='4' tag='245'><subfield code='a'>The critical game,</subfield><subfield code='c'>by John Macy ...</subfield></datafield><datafield ind1=' ' ind2=' ' tag='260'><subfield code='a'>New York,</subfield><subfield code='b'>Boni and Liveright</subfield><subfield code='c'>[c1922]</subfield></datafield><datafield ind1=' ' ind2=' ' tag='300'><subfield code='a'>335 p.</subfield><subfield code='c'>21 cm.</subfield></datafield><datafield ind1='0' ind2=' ' tag='505'><subfield code='a'>The critical game.--Dante in English.--Dante&apos;s political philosophy.--Nietzsche.--Tolstoy.--Maeterlinck&apos;s essays.--Joseph Conrad.--A Conrad miscellany.--Strindberg.--Tagore.--Remy de Gourmont.--Swift&apos;s relations with women.--William James, man of letters.--Biographies of Poe.--Biographies of Whitman.--George E. Woodberry.--Abraham Cahan.--Thomas Hardy.--George Borrow.--Shelley.--H.G. Wells and Utopia.--John Masefield.--Shakespeare and the scribes.--George Moore and other Irish writers.--James Joyce.--D.H. Lawrence.</subfield></datafield><datafield ind1=' ' ind2='0' tag='650'><subfield code='a'>Literature</subfield><subfield code='x'>History and criticism.</subfield></datafield><datafield ind1=' ' ind2=' ' tag='907'><subfield code='a'>.b131144704</subfield><subfield code='c'>m</subfield><subfield code='d'>a</subfield><subfield code='e'>-</subfield><subfield code='f'>eng</subfield><subfield code='g'>nyu</subfield><subfield code='h'>4</subfield><subfield code='i'>1</subfield></datafield><datafield ind1=' ' ind2=' ' tag='035'><subfield code='a'>(OCoLC)1399555</subfield></datafield><datafield ind1=' ' ind2=' ' tag='901'><subfield code='a'>90559454-3b0b-4cdd-87b9-78656b5d55ef</subfield><subfield code='b'>13</subfield><subfield code='c'>false</subfield></datafield><datafield ind1='8' ind2=' ' tag='852'><subfield code='h'>NBQ (Macy, J. A. Critical game)</subfield><subfield code='0'>8345808</subfield><subfield code='b'>scsbnypl</subfield></datafield><datafield ind1=' ' ind2=' ' tag='876'><subfield code='0'>8345808</subfield><subfield code='a'>13704905</subfield><subfield code='h'>In Library Use</subfield><subfield code='j'>Available</subfield><subfield code='p'>33433074826268</subfield><subfield code='t'>1</subfield><subfield code='x'>Open</subfield><subfield code='z'>NA</subfield><subfield code='l'>RECAP</subfield></datafield></record>