
<record><leader>03109cam a2200577Ii 4500</leader><controlfield tag='001'>SCSB-14844245</controlfield><controlfield tag='003'>NNC</controlfield><controlfield tag='005'>20240627012127.0</controlfield><controlfield tag='008'>231217s2023    gw a     c    001 0 eng d</controlfield><controlfield tag='009'>18424358</controlfield><datafield ind1=' ' ind2=' ' tag='010'><subfield code='a'>  2023941260</subfield></datafield><datafield ind1='7' ind2=' ' tag='016'><subfield code='a'>1288185502</subfield><subfield code='2'>DE-101</subfield></datafield><datafield ind1=' ' ind2=' ' tag='020'><subfield code='a'>9783777441696</subfield><subfield code='q'>(hardbound)</subfield></datafield><datafield ind1=' ' ind2=' ' tag='020'><subfield code='a'>3777441694</subfield><subfield code='q'>(hardbound)</subfield></datafield><datafield ind1='3' ind2=' ' tag='024'><subfield code='a'>9783777441696</subfield></datafield><datafield ind1=' ' ind2=' ' tag='035'><subfield code='a'>(OCoLC)on1414537771</subfield></datafield><datafield ind1=' ' ind2=' ' tag='035'><subfield code='a'>(OCoLC)1414537771</subfield></datafield><datafield ind1=' ' ind2=' ' tag='035'><subfield code='a'>18424358</subfield></datafield><datafield ind1=' ' ind2=' ' tag='040'><subfield code='a'>OHX</subfield><subfield code='b'>eng</subfield><subfield code='e'>rda</subfield><subfield code='c'>OHX</subfield><subfield code='d'>GZD</subfield><subfield code='d'>OCLCO</subfield><subfield code='d'>FHM</subfield><subfield code='d'>ERASA</subfield><subfield code='d'>BDX</subfield><subfield code='d'>YDX</subfield><subfield code='d'>CMA</subfield></datafield><datafield ind1=' ' ind2='0' tag='050'><subfield code='a'>N858.N36</subfield><subfield code='b'>N23 2023</subfield></datafield><datafield ind1=' ' ind2='7' tag='072'><subfield code='a'>N</subfield><subfield code='2'>lcco</subfield></datafield><datafield ind1='0' ind2='4' tag='082'><subfield code='a'>704/.042074753</subfield><subfield code='2'>23/eng/20240213</subfield></datafield><datafield ind1='0' ind2='0' tag='245'><subfield code='a'>National Museum of Women in the Arts :</subfield><subfield code='b'>collection highlights /</subfield><subfield code='c'>edited by Elizabeth Lynch.</subfield></datafield><datafield ind1=' ' ind2='1' tag='264'><subfield code='a'>Munich :</subfield><subfield code='b'>Hirmer ;</subfield><subfield code='a'>Washington, DC :</subfield><subfield code='b'>National Museum of Women in the Arts,</subfield><subfield code='c'>[2023]</subfield></datafield><datafield ind1=' ' ind2='4' tag='264'><subfield code='c'>©2023</subfield></datafield><datafield ind1=' ' ind2=' ' tag='300'><subfield code='a'>263 pages :</subfield><subfield code='b'>illustrations (chiefly color) ;</subfield><subfield code='c'>29 cm</subfield></datafield><datafield ind1=' ' ind2=' ' tag='336'><subfield code='a'>text</subfield><subfield code='b'>txt</subfield><subfield code='2'>rdacontent</subfield></datafield><datafield ind1=' ' ind2=' ' tag='336'><subfield code='a'>still image</subfield><subfield code='b'>sti</subfield><subfield code='2'>rdacontent</subfield></datafield><datafield ind1=' ' ind2=' ' tag='337'><subfield code='a'>unmediated</subfield><subfield code='b'>n</subfield><subfield code='2'>rdamedia</subfield></datafield><datafield ind1=' ' ind2=' ' tag='338'><subfield code='a'>volume</subfield><subfield code='b'>nc</subfield><subfield code='2'>rdacarrier</subfield></datafield><datafield ind1=' ' ind2=' ' tag='500'><subfield code='a'>Includes index.</subfield></datafield><datafield ind1='0' ind2=' ' tag='505'><subfield code='a'>Foreword and acknowledgments / Susan Fisher Sterling -- Heavyweight -- The great outdoors -- Natural wonders -- In focus -- Rebels with a cause -- Face to face -- Body language -- Driven to abstraction -- Fiber optics -- Home, maker -- Object lessons -- Handle with care.</subfield></datafield><datafield ind1=' ' ind2=' ' tag='520'><subfield code='a'>&quot;The National Museum of Women in the Arts, Washington, DC, is the first museum in the world solely dedicated to championing women through the arts. Drawing from a collection that spans five centuries and includes artists from six continents, this publication spotlights new additions to the museum as well as longstanding highlights&quot; --</subfield><subfield code='c'>Publisher&apos;s description.</subfield></datafield><datafield ind1='2' ind2='0' tag='610'><subfield code='a'>National Museum of Women in the Arts (U.S.)</subfield><subfield code='v'>Catalogs.</subfield></datafield><datafield ind1=' ' ind2='0' tag='650'><subfield code='a'>Women artists</subfield><subfield code='x'>Exhibitions.</subfield><subfield code='0'>http://id.loc.gov/authorities/subjects/sh2010118759</subfield></datafield><datafield ind1=' ' ind2='6' tag='650'><subfield code='a'>Femmes artistes</subfield><subfield code='x'>Expositions.</subfield></datafield><datafield ind1=' ' ind2='7' tag='655'><subfield code='a'>exhibition catalogs.</subfield><subfield code='2'>aat</subfield></datafield><datafield ind1=' ' ind2='7' tag='655'><subfield code='a'>Exhibition catalogs.</subfield><subfield code='2'>lcgft</subfield><subfield code='0'>http://id.loc.gov/authorities/genreForms/gf2014026098</subfield></datafield><datafield ind1=' ' ind2='7' tag='655'><subfield code='a'>Catalogues d&apos;exposition.</subfield><subfield code='2'>rvmgf</subfield></datafield><datafield ind1='1' ind2=' ' tag='700'><subfield code='a'>Sterling, Susan Fisher,</subfield><subfield code='e'>contributor.</subfield><subfield code='4'>http://id.loc.gov/vocabulary/relators/ctb</subfield><subfield code='0'>http://id.loc.gov/authorities/names/n86049315</subfield></datafield><datafield ind1='1' ind2=' ' tag='700'><subfield code='a'>Lynch, Elizabeth,</subfield><subfield code='e'>editor.</subfield><subfield code='4'>http://id.loc.gov/vocabulary/relators/edt</subfield><subfield code='0'>http://id.loc.gov/authorities/names/nr96016580</subfield></datafield><datafield ind1='2' ind2=' ' tag='710'><subfield code='a'>National Museum of Women in the Arts (U.S.),</subfield><subfield code='e'>host institution,</subfield><subfield code='e'>issuing body.</subfield><subfield code='4'>http://id.loc.gov/vocabulary/relators/his</subfield><subfield code='4'>http://id.loc.gov/vocabulary/relators/isb</subfield><subfield code='0'>http://id.loc.gov/authorities/names/n86125073</subfield></datafield><datafield ind1='0' ind2='0' tag='852'><subfield code='h'>N858.N36 N23 2023g</subfield><subfield code='0'>15867970</subfield><subfield code='b'>scsbcul</subfield></datafield><datafield ind1=' ' ind2=' ' tag='876'><subfield code='0'>15867970</subfield><subfield code='a'>22531531</subfield><subfield code='h'>In Library Use</subfield><subfield code='j'>Available</subfield><subfield code='p'>AR03009840</subfield><subfield code='t'>1</subfield><subfield code='x'>Shared</subfield><subfield code='z'>AR</subfield><subfield code='l'>RECAP</subfield></datafield></record>