
<record><leader>02160cam a22004091a 4500</leader><controlfield tag='001'>SCSB-5210689</controlfield><controlfield tag='003'>NNC</controlfield><controlfield tag='005'>20221110041317.0</controlfield><controlfield tag='008'>050201t20052005mdua     br   001 0 eng  </controlfield><controlfield tag='009'>5456398</controlfield><datafield ind1=' ' ind2=' ' tag='010'><subfield code='a'>  2005002692</subfield></datafield><datafield ind1=' ' ind2=' ' tag='020'><subfield code='a'>0759108544 (cloth : alk. paper)</subfield></datafield><datafield ind1=' ' ind2=' ' tag='020'><subfield code='a'>0759108552 (pbk. : alk. paper)</subfield></datafield><datafield ind1=' ' ind2=' ' tag='035'><subfield code='a'>(OCoLC)ocm57613505</subfield></datafield><datafield ind1=' ' ind2=' ' tag='035'><subfield code='a'>(NNC)5456398</subfield></datafield><datafield ind1=' ' ind2=' ' tag='035'><subfield code='a'>5456398</subfield></datafield><datafield ind1=' ' ind2=' ' tag='040'><subfield code='a'>DLC</subfield><subfield code='c'>DLC</subfield><subfield code='d'>BAKER</subfield><subfield code='d'>C#P</subfield><subfield code='d'>IXA</subfield><subfield code='d'>OrLoB-B</subfield></datafield><datafield ind1=' ' ind2=' ' tag='043'><subfield code='a'>n-us---</subfield></datafield><datafield ind1='0' ind2='0' tag='050'><subfield code='a'>AM11</subfield><subfield code='b'>.D354 2005</subfield></datafield><datafield ind1='0' ind2='0' tag='082'><subfield code='a'>069/.025/73</subfield><subfield code='2'>22</subfield></datafield><datafield ind1='1' ind2=' ' tag='100'><subfield code='a'>Danilov, Victor J.</subfield><subfield code='0'>http://id.loc.gov/authorities/names/n79046105</subfield></datafield><datafield ind1='1' ind2='0' tag='245'><subfield code='a'>Women and museums :</subfield><subfield code='b'>a comprehensive guide /</subfield><subfield code='c'>Victor J. Danilov.</subfield></datafield><datafield ind1=' ' ind2=' ' tag='260'><subfield code='a'>Lanham, MD :</subfield><subfield code='b'>AltaMira Press,</subfield><subfield code='c'>[2005], ©2005.</subfield></datafield><datafield ind1=' ' ind2=' ' tag='300'><subfield code='a'>vii, 285 pages :</subfield><subfield code='b'>illustrations ;</subfield><subfield code='c'>29 cm</subfield></datafield><datafield ind1=' ' ind2=' ' tag='336'><subfield code='a'>text</subfield><subfield code='b'>txt</subfield><subfield code='2'>rdacontent</subfield></datafield><datafield ind1=' ' ind2=' ' tag='337'><subfield code='a'>unmediated</subfield><subfield code='b'>n</subfield><subfield code='2'>rdamedia</subfield></datafield><datafield ind1=' ' ind2=' ' tag='504'><subfield code='a'>Includes bibliographical references (p. 255-260) and indexes.</subfield></datafield><datafield ind1='0' ind2='0' tag='505'><subfield code='t'>Introduction /</subfield><subfield code='r'>Susan Armitage --</subfield><subfield code='t'>Directory of museums and related facilities founded by, named for, and/or devoted to women --</subfield><subfield code='t'>Museums and related facilities devoted to women --</subfield><subfield code='t'>Art-oriented museums, galleries, and specialties --</subfield><subfield code='t'>Historical museums, houses, and sites --</subfield><subfield code='t'>Science-based museums and facilities --</subfield><subfield code='t'>Other types of museums and sites.</subfield></datafield><datafield ind1=' ' ind2='0' tag='650'><subfield code='a'>Museums</subfield><subfield code='z'>United States</subfield><subfield code='v'>Directories.</subfield><subfield code='0'>http://id.loc.gov/authorities/subjects/sh2010102756</subfield></datafield><datafield ind1=' ' ind2='0' tag='650'><subfield code='a'>Museums and women</subfield><subfield code='z'>United States.</subfield></datafield><datafield ind1=' ' ind2='0' tag='650'><subfield code='a'>Women</subfield><subfield code='z'>United States.</subfield><subfield code='0'>http://id.loc.gov/authorities/subjects/sh85147355</subfield></datafield><datafield ind1=' ' ind2='0' tag='650'><subfield code='a'>Cultural property</subfield><subfield code='x'>Protection</subfield><subfield code='z'>United States.</subfield><subfield code='0'>http://id.loc.gov/authorities/subjects/sh2009120491</subfield></datafield><datafield ind1=' ' ind2='0' tag='650'><subfield code='a'>Popular culture</subfield><subfield code='z'>United States.</subfield><subfield code='0'>http://id.loc.gov/authorities/subjects/sh85140482</subfield></datafield><datafield ind1=' ' ind2='0' tag='651'><subfield code='a'>United States</subfield><subfield code='x'>Intellectual life</subfield><subfield code='y'>19th century.</subfield><subfield code='0'>http://id.loc.gov/authorities/subjects/sh2007100044</subfield></datafield><datafield ind1=' ' ind2='0' tag='651'><subfield code='a'>United States</subfield><subfield code='x'>Intellectual life</subfield><subfield code='y'>20th century.</subfield><subfield code='0'>http://id.loc.gov/authorities/subjects/sh85140367</subfield></datafield><datafield ind1=' ' ind2=' ' tag='901'><subfield code='a'>138f18cd-545e-4862-b8ab-696b21b4680c</subfield><subfield code='b'>29</subfield><subfield code='c'>false</subfield></datafield><datafield ind1='0' ind2='0' tag='852'><subfield code='h'>AM11 .D354 2005</subfield><subfield code='0'>5196674</subfield><subfield code='b'>scsbcul</subfield></datafield><datafield ind1=' ' ind2=' ' tag='876'><subfield code='0'>5196674</subfield><subfield code='a'>7769184</subfield><subfield code='h'> </subfield><subfield code='j'>Available</subfield><subfield code='p'>CU23505028</subfield><subfield code='t'>1</subfield><subfield code='x'>Open</subfield><subfield code='z'>CU</subfield><subfield code='l'>RECAP</subfield></datafield></record>