
<record><leader>01068cam a2200337   4500</leader><controlfield tag='001'>SCSB-5658372</controlfield><controlfield tag='003'>NNC</controlfield><controlfield tag='005'>20230118210616.0</controlfield><controlfield tag='008'>930104s1970    ru       b    000 0 ukr  </controlfield><controlfield tag='009'>9744223</controlfield><datafield ind1=' ' ind2=' ' tag='010'><subfield code='a'>   75871811 </subfield></datafield><datafield ind1='1' ind2=' ' tag='029'><subfield code='a'>AU@</subfield><subfield code='b'>000007228765</subfield></datafield><datafield ind1='1' ind2=' ' tag='029'><subfield code='a'>AU@</subfield><subfield code='b'>000027832516</subfield></datafield><datafield ind1=' ' ind2=' ' tag='035'><subfield code='a'>(OCoLC)ocm27194423</subfield></datafield><datafield ind1=' ' ind2=' ' tag='035'><subfield code='a'>(OCoLC)27194423</subfield></datafield><datafield ind1=' ' ind2=' ' tag='035'><subfield code='a'>(NNC)9744223</subfield></datafield><datafield ind1=' ' ind2=' ' tag='035'><subfield code='a'>9744223</subfield></datafield><datafield ind1=' ' ind2=' ' tag='040'><subfield code='a'>DLC</subfield><subfield code='c'>GZM</subfield><subfield code='d'>OCL</subfield><subfield code='d'>UPM</subfield><subfield code='d'>NNC</subfield></datafield><datafield ind1='0' ind2='0' tag='050'><subfield code='a'>N7445.8.R9</subfield><subfield code='b'>K3</subfield></datafield><datafield ind1='1' ind2=' ' tag='100'><subfield code='a'>Kasii︠a︡n, Vasylʹ Illich,</subfield><subfield code='d'>1896-1976.</subfield><subfield code='0'>http://id.loc.gov/authorities/names/n82119324</subfield></datafield><datafield ind1='1' ind2='0' tag='245'><subfield code='a'>Pro Mystetstvo.</subfield></datafield><datafield ind1='3' ind2='0' tag='246'><subfield code='a'>Vasilʹ Kasii︠a︡n : pro mystetstvo</subfield></datafield><datafield ind1=' ' ind2=' ' tag='260'><subfield code='a'>[Kiev] :</subfield><subfield code='b'>[&quot;Mystetstvo,&quot;],</subfield><subfield code='c'>[1970]</subfield></datafield><datafield ind1=' ' ind2=' ' tag='300'><subfield code='a'>279 pages ;</subfield><subfield code='c'>22 cm</subfield></datafield><datafield ind1=' ' ind2=' ' tag='336'><subfield code='a'>text</subfield><subfield code='b'>txt</subfield><subfield code='2'>rdacontent</subfield></datafield><datafield ind1=' ' ind2=' ' tag='337'><subfield code='a'>unmediated</subfield><subfield code='b'>n</subfield><subfield code='2'>rdamedia</subfield></datafield><datafield ind1=' ' ind2=' ' tag='500'><subfield code='a'>At head of title: Vasylʹ Kasii︠a︡n.</subfield></datafield><datafield ind1=' ' ind2=' ' tag='504'><subfield code='a'>Bibliography: p. 274-[277]</subfield></datafield><datafield ind1=' ' ind2='0' tag='650'><subfield code='a'>Art.</subfield><subfield code='0'>http://id.loc.gov/authorities/subjects/sh85007461</subfield></datafield><datafield ind1=' ' ind2=' ' tag='901'><subfield code='a'>00543274-637a-4991-ac58-d35718798647</subfield><subfield code='b'>13</subfield><subfield code='c'>false</subfield></datafield><datafield ind1='0' ind2='0' tag='852'><subfield code='h'>N7445.8.R9 K3 1970</subfield><subfield code='0'>5647966</subfield><subfield code='b'>scsbcul</subfield></datafield><datafield ind1=' ' ind2=' ' tag='876'><subfield code='0'>5647966</subfield><subfield code='a'>8337357</subfield><subfield code='h'>In Library Use</subfield><subfield code='j'>Available</subfield><subfield code='p'>AR01303910</subfield><subfield code='t'>1</subfield><subfield code='x'>Open</subfield><subfield code='z'>AR</subfield><subfield code='l'>RECAP</subfield></datafield></record>