
<record><leader>01090cam a22003131  4500</leader><controlfield tag='001'>SCSB-3452496</controlfield><controlfield tag='003'>NNC</controlfield><controlfield tag='005'>20220609025449.0</controlfield><controlfield tag='008'>930323s1961    un acf   b    000 0 ukr d</controlfield><controlfield tag='009'>1918924</controlfield><datafield ind1=' ' ind2=' ' tag='010'><subfield code='a'>   62029362 </subfield></datafield><datafield ind1=' ' ind2=' ' tag='035'><subfield code='a'>(OCoLC)ocm27784441</subfield></datafield><datafield ind1=' ' ind2=' ' tag='035'><subfield code='9'>AMB4295CU</subfield></datafield><datafield ind1=' ' ind2=' ' tag='035'><subfield code='a'>(NNC)1918924</subfield></datafield><datafield ind1=' ' ind2=' ' tag='035'><subfield code='a'>1918924</subfield></datafield><datafield ind1=' ' ind2=' ' tag='040'><subfield code='a'>GZM</subfield><subfield code='c'>GZM</subfield><subfield code='d'>ZCU</subfield></datafield><datafield ind1=' ' ind2=' ' tag='043'><subfield code='a'>e-un---</subfield></datafield><datafield ind1='0' ind2='0' tag='050'><subfield code='a'>NC268.U4</subfield><subfield code='b'>K3</subfield></datafield><datafield ind1='1' ind2=' ' tag='100'><subfield code='a'>Kasii︠a︡n, Vasylʹ Illich,</subfield><subfield code='d'>1896-1976.</subfield><subfield code='0'>http://id.loc.gov/authorities/names/n82119324</subfield></datafield><datafield ind1='1' ind2='0' tag='245'><subfield code='a'>Ukraïnsʹka doz︠h︡ovtneva realistychna grafika.</subfield></datafield><datafield ind1=' ' ind2=' ' tag='260'><subfield code='a'>Kyïv,</subfield><subfield code='c'>1961.</subfield></datafield><datafield ind1=' ' ind2=' ' tag='300'><subfield code='a'>191 pages, 60 plates :</subfield><subfield code='b'>illustrations portraits ;</subfield><subfield code='c'>23 cm</subfield></datafield><datafield ind1=' ' ind2=' ' tag='336'><subfield code='a'>text</subfield><subfield code='b'>txt</subfield><subfield code='2'>rdacontent</subfield></datafield><datafield ind1=' ' ind2=' ' tag='337'><subfield code='a'>unmediated</subfield><subfield code='b'>n</subfield><subfield code='2'>rdamedia</subfield></datafield><datafield ind1=' ' ind2=' ' tag='500'><subfield code='a'>At head of title: V. Kasii︠a︡n, I︠U︡. Turchenko.</subfield></datafield><datafield ind1=' ' ind2=' ' tag='504'><subfield code='a'>Bibliography: p. 182-[185]</subfield></datafield><datafield ind1=' ' ind2='0' tag='650'><subfield code='a'>Graphic arts</subfield><subfield code='z'>Ukraine.</subfield></datafield><datafield ind1='1' ind2=' ' tag='700'><subfield code='a'>Turchenko, I͡U.</subfield><subfield code='q'>(I͡Uriĭ I͡Akovych),</subfield><subfield code='e'>author.</subfield><subfield code='4'>http://id.loc.gov/vocabulary/relators/aut</subfield><subfield code='0'>http://id.loc.gov/authorities/names/n95041973</subfield></datafield><datafield ind1=' ' ind2=' ' tag='901'><subfield code='a'>63c2c326-ff34-4cea-b426-b6dec45c498f</subfield><subfield code='b'>12</subfield><subfield code='c'>false</subfield></datafield><datafield ind1='8' ind2='0' tag='852'><subfield code='h'>NC1050 Uk7 K15</subfield><subfield code='0'>3438221</subfield><subfield code='b'>scsbcul</subfield></datafield><datafield ind1=' ' ind2=' ' tag='876'><subfield code='0'>3438221</subfield><subfield code='a'>5167434</subfield><subfield code='h'>In Library Use</subfield><subfield code='j'>Available</subfield><subfield code='p'>AR52532364</subfield><subfield code='t'>1</subfield><subfield code='x'>Open</subfield><subfield code='z'>AR</subfield><subfield code='l'>RECAP</subfield></datafield></record>