
<record><leader>01051nam a2200289u  4500</leader><controlfield tag='001'>SCSB-6180509</controlfield><controlfield tag='003'>OCoLC</controlfield><controlfield tag='005'>20060425063449.7</controlfield><controlfield tag='008'>930323s1961    un acf   b    000 0 ukr d</controlfield><controlfield tag='009'>.b163375136</controlfield><datafield ind1=' ' ind2=' ' tag='010'><subfield code='a'>62029362</subfield></datafield><datafield ind1=' ' ind2=' ' tag='040'><subfield code='a'>GZM</subfield><subfield code='c'>GZM</subfield><subfield code='d'>NYP</subfield><subfield code='d'>UtOrBLW</subfield></datafield><datafield ind1=' ' ind2=' ' tag='049'><subfield code='a'>NYPP</subfield></datafield><datafield ind1='0' ind2='0' tag='050'><subfield code='a'>NC268.U4</subfield><subfield code='b'>K3</subfield></datafield><datafield ind1='1' ind2=' ' tag='100'><subfield code='a'>Kasi︠i︡an, Vasylʹ Illich,</subfield><subfield code='d'>1896-1976.</subfield></datafield><datafield ind1='1' ind2='0' tag='245'><subfield code='a'>Ukraïnsʹka do︠z︡hovtneva realistychna hrafika.</subfield></datafield><datafield ind1=' ' ind2=' ' tag='260'><subfield code='a'>Kyïv,</subfield><subfield code='c'>1961.</subfield></datafield><datafield ind1=' ' ind2=' ' tag='300'><subfield code='a'>191 p., 60 plates :</subfield><subfield code='b'>ill. ports ;</subfield><subfield code='c'>23 cm.</subfield></datafield><datafield ind1=' ' ind2=' ' tag='500'><subfield code='a'>At head of title: V. Kasi︠i︡an, ︠I︡U. Turchenko.</subfield></datafield><datafield ind1=' ' ind2=' ' tag='504'><subfield code='a'>Bibliography: p. 182-[185]</subfield></datafield><datafield ind1=' ' ind2='0' tag='650'><subfield code='a'>Graphic arts</subfield><subfield code='z'>Ukraine.</subfield></datafield><datafield ind1='1' ind2=' ' tag='700'><subfield code='a'>Turchenko, ︠I︡U.</subfield><subfield code='q'>(︠I︡Uriĭ ︠I︡Akovych)</subfield></datafield><datafield ind1=' ' ind2=' ' tag='799'><subfield code='a'>Slavic Recon Project 2006.</subfield></datafield><datafield ind1=' ' ind2=' ' tag='907'><subfield code='a'>.b163375136</subfield><subfield code='c'>m</subfield><subfield code='d'>a</subfield><subfield code='e'>-</subfield><subfield code='f'>ukr</subfield><subfield code='g'>un</subfield><subfield code='h'>0</subfield><subfield code='i'>1</subfield></datafield><datafield ind1=' ' ind2=' ' tag='035'><subfield code='a'>(OCoLC)27784441</subfield></datafield><datafield ind1=' ' ind2=' ' tag='901'><subfield code='a'>63c2c326-ff34-4cea-b426-b6dec45c498f</subfield><subfield code='b'>12</subfield><subfield code='c'>false</subfield></datafield><datafield ind1='8' ind2=' ' tag='852'><subfield code='h'>*QGA (Kasiyan, V. Ukrayinska dozhovtneva)</subfield><subfield code='0'>6202434</subfield><subfield code='b'>scsbnypl</subfield></datafield><datafield ind1=' ' ind2=' ' tag='876'><subfield code='0'>6202434</subfield><subfield code='a'>10166798</subfield><subfield code='j'>Available</subfield><subfield code='p'>33433002346306</subfield><subfield code='t'>1</subfield><subfield code='x'>Shared</subfield><subfield code='z'>NA</subfield><subfield code='l'>RECAP</subfield></datafield></record>