
<record><leader>03184cam a2200493 a 4500</leader><controlfield tag='001'>SCSB-5383569</controlfield><controlfield tag='003'>NNC</controlfield><controlfield tag='005'>20221122030551.0</controlfield><controlfield tag='008'>070730s2007    nyu      b    001 0 eng  </controlfield><controlfield tag='009'>6376473</controlfield><datafield ind1=' ' ind2=' ' tag='010'><subfield code='a'>  2007031290</subfield></datafield><datafield ind1=' ' ind2=' ' tag='019'><subfield code='a'>148773600</subfield></datafield><datafield ind1=' ' ind2=' ' tag='020'><subfield code='a'>9781594031922 (hardcover : alk. paper)</subfield></datafield><datafield ind1=' ' ind2=' ' tag='020'><subfield code='a'>1594031924 (hardcover : alk. paper)</subfield></datafield><datafield ind1=' ' ind2=' ' tag='024'><subfield code='a'>40014931667</subfield></datafield><datafield ind1=' ' ind2=' ' tag='035'><subfield code='a'>(OCoLC)162126921</subfield></datafield><datafield ind1=' ' ind2=' ' tag='035'><subfield code='a'>(OCoLC)ocn162126921</subfield></datafield><datafield ind1=' ' ind2=' ' tag='035'><subfield code='a'>(DLC) 2007031290</subfield></datafield><datafield ind1=' ' ind2=' ' tag='035'><subfield code='a'>(NNC)6376473</subfield></datafield><datafield ind1=' ' ind2=' ' tag='035'><subfield code='a'>6376473</subfield></datafield><datafield ind1=' ' ind2=' ' tag='040'><subfield code='a'>DLC</subfield><subfield code='c'>DLC</subfield><subfield code='d'>YDX</subfield><subfield code='d'>BAKER</subfield><subfield code='d'>BTCTA</subfield><subfield code='d'>YDXCP</subfield><subfield code='d'>OrLoB-B</subfield></datafield><datafield ind1=' ' ind2=' ' tag='043'><subfield code='a'>a-is---</subfield></datafield><datafield ind1='0' ind2='0' tag='050'><subfield code='a'>DS119.7</subfield><subfield code='b'>.M4322 2007</subfield></datafield><datafield ind1='0' ind2='0' tag='082'><subfield code='a'>956.95/3044</subfield><subfield code='2'>22</subfield></datafield><datafield ind1='1' ind2=' ' tag='100'><subfield code='a'>Meir-Levi, David.</subfield><subfield code='0'>http://id.loc.gov/authorities/names/no2007022971</subfield></datafield><datafield ind1='1' ind2='0' tag='245'><subfield code='a'>History upside down :</subfield><subfield code='b'>the roots of Palestinian fascism and the myth of Israeli aggression /</subfield><subfield code='c'>David Meir-Levi.</subfield></datafield><datafield ind1=' ' ind2=' ' tag='250'><subfield code='a'>1st ed.</subfield></datafield><datafield ind1=' ' ind2=' ' tag='260'><subfield code='a'>New York :</subfield><subfield code='b'>Encounter Books,</subfield><subfield code='c'>2007.</subfield></datafield><datafield ind1=' ' ind2=' ' tag='300'><subfield code='a'>xiii, 131 pages ;</subfield><subfield code='c'>23 cm.</subfield></datafield><datafield ind1=' ' ind2=' ' tag='336'><subfield code='a'>text</subfield><subfield code='b'>txt</subfield><subfield code='2'>rdacontent</subfield></datafield><datafield ind1=' ' ind2=' ' tag='337'><subfield code='a'>unmediated</subfield><subfield code='b'>n</subfield><subfield code='2'>rdamedia</subfield></datafield><datafield ind1='1' ind2=' ' tag='490'><subfield code='a'>Brief encounters</subfield></datafield><datafield ind1=' ' ind2=' ' tag='504'><subfield code='a'>Includes bibliographical references (p. 115-123) and index.</subfield></datafield><datafield ind1='0' ind2='0' tag='505'><subfield code='g'>Ch. 1.</subfield><subfield code='t'>The Nazi Roots of Palestinian Nationalism and Islamic Jihad --</subfield><subfield code='g'>Ch. 2.</subfield><subfield code='t'>The Communist Face of the Palestinian National Movement --</subfield><subfield code='g'>Ch. 3.</subfield><subfield code='t'>Islamofascism --</subfield><subfield code='g'>Ch. 4.</subfield><subfield code='t'>Zionists Stole Our Land --</subfield><subfield code='g'>Ch. 5.</subfield><subfield code='t'>The Political Abuse of the Refugee Issue --</subfield><subfield code='g'>Ch. 6.</subfield><subfield code='t'>The Myth of Colonial Occupation.</subfield></datafield><datafield ind1='1' ind2=' ' tag='520'><subfield code='a'>&quot;In History Upside Down, David Meir-Levi traces the ideological DNA behind Palestinian nationalism and its &quot;alternative&quot; histories, exposing how Nazism gave the Arab world&apos;s amorphous hatred of the Jews an intellectual structure and how Soviet communism veiled its genocidal ambitions with the mantle of national liberation. Meir-Levi then explodes this movement&apos;s cornerstone myths - myths that excuse years of unremitting terror, refashion the victim into the aggressor, and flip the true history of the Middle East on its head.&quot; &quot;History Upside Down is a counterattack against this Arab war on history. It rejects the idea that the basic situation in the Middle East has changed since the United Nations first established the Jewish state and the Palestinian state that would have stood alongside it. Sadly, argues Meir-Levi, the cause for the violence of the Arab-Israel conflict is today what it has been since the beginning of Islam: Arab Jew-hatred.&quot;--BOOK JACKET.</subfield></datafield><datafield ind1=' ' ind2='0' tag='650'><subfield code='a'>Arab-Israeli conflict.</subfield><subfield code='0'>http://id.loc.gov/authorities/subjects/sh87002535</subfield></datafield><datafield ind1=' ' ind2='0' tag='650'><subfield code='a'>National liberation movements</subfield><subfield code='z'>Palestine.</subfield><subfield code='0'>http://id.loc.gov/authorities/subjects/sh2010103158</subfield></datafield><datafield ind1=' ' ind2='0' tag='650'><subfield code='a'>Nationalism</subfield><subfield code='z'>Palestine.</subfield><subfield code='0'>http://id.loc.gov/authorities/subjects/sh2010103159</subfield></datafield><datafield ind1=' ' ind2='0' tag='650'><subfield code='a'>Jihad.</subfield><subfield code='0'>http://id.loc.gov/authorities/subjects/sh85070535</subfield></datafield><datafield ind1=' ' ind2='0' tag='650'><subfield code='a'>Islam and politics</subfield><subfield code='z'>Palestine.</subfield><subfield code='0'>http://id.loc.gov/authorities/subjects/sh2009127603</subfield></datafield><datafield ind1=' ' ind2='0' tag='650'><subfield code='a'>Zionism</subfield><subfield code='z'>Palestine.</subfield></datafield><datafield ind1=' ' ind2='0' tag='830'><subfield code='a'>Brief encounters (New York, N.Y.)</subfield><subfield code='0'>http://id.loc.gov/authorities/names/no2007071738</subfield></datafield><datafield ind1='0' ind2='0' tag='852'><subfield code='h'>DS119.7 .M4322 2007</subfield><subfield code='0'>5373115</subfield><subfield code='b'>scsbcul</subfield></datafield><datafield ind1=' ' ind2=' ' tag='876'><subfield code='0'>5373115</subfield><subfield code='a'>7975068</subfield><subfield code='j'>Not Available</subfield><subfield code='p'>CU13341979</subfield><subfield code='t'>1</subfield><subfield code='x'>Shared</subfield><subfield code='z'>CU</subfield><subfield code='l'>RECAP</subfield></datafield></record>