
<record><leader>00000cam  2200337Ia 4500</leader><controlfield tag='001'>SCSB-13955226</controlfield><controlfield tag='003'>OCoLC</controlfield><controlfield tag='005'>20050719063306.1</controlfield><controlfield tag='007'>hd afb---b-ca</controlfield><controlfield tag='007'>hd bfb---b-ba</controlfield><controlfield tag='008'>930805s1939    nyu     a     000 0 eng dcamIa </controlfield><controlfield tag='009'>.b161101252</controlfield><datafield ind1='1' ind2=' ' tag='100'><subfield code='a'>Noṿiḳ, P.,</subfield><subfield code='d'>1891-1989.</subfield></datafield><datafield ind1='2' ind2=' ' tag='710'><subfield code='a'>National Council of Jewish Communists (U.S.)</subfield></datafield><datafield ind1=' ' ind2='0' tag='650'><subfield code='a'>Jewish-Arab relations.</subfield></datafield><datafield ind1=' ' ind2='0' tag='651'><subfield code='a'>Great Britain</subfield><subfield code='x'>Foreign relations</subfield><subfield code='z'>Palestine.</subfield></datafield><datafield ind1=' ' ind2='0' tag='650'><subfield code='a'>Jewish communists.</subfield></datafield><datafield ind1=' ' ind2=' ' tag='010'><subfield code='a'>nuc87660338</subfield></datafield><datafield ind1=' ' ind2=' ' tag='500'><subfield code='a'>Cover title.</subfield></datafield><datafield ind1=' ' ind2=' ' tag='533'><subfield code='a'>Microfilm.</subfield><subfield code='b'>New York :</subfield><subfield code='c'>New York Public Library,</subfield><subfield code='d'>[197-].</subfield><subfield code='e'>1 microfilm reel ; 35 mm.</subfield><subfield code='n'>(MN: *ZZ-16975)</subfield></datafield><datafield ind1=' ' ind2=' ' tag='260'><subfield code='a'>New York :</subfield><subfield code='b'>Published by the National Council of Jewish Communists,</subfield><subfield code='c'>1939.</subfield></datafield><datafield ind1=' ' ind2=' ' tag='300'><subfield code='a'>32 p. ;</subfield><subfield code='c'>19 cm.</subfield></datafield><datafield ind1='1' ind2='0' tag='245'><subfield code='a'>Solution for Palestine</subfield><subfield code='h'>[microform] :</subfield><subfield code='b'>the Chamberlain White Paper /</subfield><subfield code='c'>Paul Novick.</subfield></datafield><datafield ind1=' ' ind2=' ' tag='040'><subfield code='a'>NN</subfield><subfield code='c'>RQM</subfield><subfield code='d'>OCLCQ</subfield><subfield code='d'>NYP</subfield><subfield code='d'>UtOrBLW</subfield></datafield><datafield ind1=' ' ind2=' ' tag='043'><subfield code='a'>e-uk---</subfield><subfield code='a'>a-is---</subfield></datafield><datafield ind1=' ' ind2=' ' tag='049'><subfield code='a'>NYPP</subfield></datafield><datafield ind1=' ' ind2=' ' tag='901'><subfield code='b'>hj</subfield><subfield code='c'>JWS/RCS</subfield></datafield><datafield ind1=' ' ind2=' ' tag='946'><subfield code='a'>m</subfield></datafield><datafield ind1=' ' ind2=' ' tag='997'><subfield code='a'>hj</subfield><subfield code='b'>07-20-05</subfield><subfield code='c'>m</subfield><subfield code='d'>a</subfield><subfield code='e'>-</subfield><subfield code='f'>eng</subfield><subfield code='g'>nyu</subfield><subfield code='h'>0</subfield></datafield><datafield ind1=' ' ind2=' ' tag='910'><subfield code='a'>RL</subfield></datafield><datafield ind1='0' ind2='0' tag='907'><subfield code='a'>.b161101252</subfield></datafield><datafield ind1=' ' ind2=' ' tag='035'><subfield code='a'>(OCoLC)28573330</subfield></datafield><datafield ind1='8' ind2=' ' tag='852'><subfield code='h'>*ZP-*PWC n.c. 31-37 multiple volumes</subfield><subfield code='0'>16394496</subfield><subfield code='b'>scsbnypl</subfield></datafield><datafield ind1=' ' ind2=' ' tag='866'><subfield code='a'>multiple volumes</subfield><subfield code='0'>16394496</subfield></datafield><datafield ind1=' ' ind2=' ' tag='876'><subfield code='0'>16394496</subfield><subfield code='3'>multiple volumes</subfield><subfield code='a'>23151947</subfield><subfield code='h'>In Library Use</subfield><subfield code='j'>Available</subfield><subfield code='p'>33433134073604</subfield><subfield code='t'>1</subfield><subfield code='x'>Shared</subfield><subfield code='z'>NA</subfield><subfield code='l'>RECAP</subfield></datafield></record>