
<record><leader>02069cam a2200385 a 4500</leader><controlfield tag='001'>SCSB-12430816</controlfield><controlfield tag='005'>20210624180238.0</controlfield><controlfield tag='008'>100830s2010    ilu      b    001 0 eng  </controlfield><controlfield tag='009'>990127484230203941</controlfield><datafield ind1=' ' ind2=' ' tag='010'><subfield code='a'>^^2010037164</subfield></datafield><datafield ind1=' ' ind2=' ' tag='015'><subfield code='a'>GBB043149</subfield><subfield code='2'>bnb</subfield></datafield><datafield ind1='7' ind2=' ' tag='016'><subfield code='a'>015516341</subfield><subfield code='2'>Uk</subfield></datafield><datafield ind1=' ' ind2=' ' tag='020'><subfield code='a'>9781608460724 (alk. paper)</subfield></datafield><datafield ind1=' ' ind2=' ' tag='020'><subfield code='a'>160846072X (alk. paper)</subfield></datafield><datafield ind1=' ' ind2=' ' tag='035'><subfield code='a'>(OCoLC)661184490</subfield><subfield code='z'>(OCoLC)456178458</subfield><subfield code='z'>(OCoLC)573302176</subfield></datafield><datafield ind1=' ' ind2=' ' tag='040'><subfield code='a'>DLC</subfield><subfield code='c'>DLC</subfield><subfield code='d'>YDX</subfield><subfield code='d'>YDXCP</subfield><subfield code='d'>UKM</subfield><subfield code='d'>BTCTA</subfield><subfield code='d'>CDX</subfield><subfield code='d'>EUM</subfield></datafield><datafield ind1=' ' ind2=' ' tag='043'><subfield code='a'>a-is---</subfield></datafield><datafield ind1='0' ind2='0' tag='050'><subfield code='a'>HX378.5.A6</subfield><subfield code='b'>B83 2010</subfield></datafield><datafield ind1='0' ind2='0' tag='082'><subfield code='a'>324.25694/07509041</subfield><subfield code='2'>22</subfield></datafield><datafield ind1='1' ind2=' ' tag='100'><subfield code='a'>Budayrī, Mūsá.</subfield></datafield><datafield ind1='1' ind2='4' tag='245'><subfield code='a'>The Palestine Communist Party 1919-1948 :</subfield><subfield code='b'>Arab and Jew in the struggle for internationalism /</subfield><subfield code='c'>Musa Budeiri.</subfield></datafield><datafield ind1=' ' ind2=' ' tag='260'><subfield code='a'>Chicago, Ill. :</subfield><subfield code='b'>Haymarket Books ;</subfield><subfield code='a'>[Minneapolis, Minn.] :</subfield><subfield code='b'>Consortium Book Sales and Distribution [distributor],</subfield><subfield code='c'>2010.</subfield></datafield><datafield ind1=' ' ind2=' ' tag='300'><subfield code='a'>xx, 234 p. ;</subfield><subfield code='c'>23 cm.</subfield></datafield><datafield ind1=' ' ind2=' ' tag='500'><subfield code='a'>&quot;First published in 1979 by Ithaca Press. London.&quot;</subfield></datafield><datafield ind1=' ' ind2=' ' tag='504'><subfield code='a'>Includes bibliographical references and index.</subfield></datafield><datafield ind1='0' ind2=' ' tag='505'><subfield code='a'>The beginnings of communism in Palestine -- The Arabization of the Palestine Communist Party -- Party policy during the third period and the introduction of the national front -- The PCP and the Arab rebellion, 1936/1939 -- The party during the war -- The national split in the communist movement -- The Arab national communist movement.</subfield></datafield><datafield ind1='8' ind2=' ' tag='520'><subfield code='a'>This history of the Palestinian Communist Party upends the caricature of the Israeli-Palestinian conflict as an ancient religious blood feud. Budeiri shows how the complex history of the Palestinian left before the Zionist destruction of historic Palestine was defined by secularism and solidarity between Arab and Jewish workers.</subfield></datafield><datafield ind1='2' ind2='0' tag='610'><subfield code='a'>Palestinian Communist Party</subfield><subfield code='x'>History.</subfield></datafield><datafield ind1=' ' ind2='0' tag='650'><subfield code='a'>Palestinian Arabs</subfield><subfield code='x'>Politics and government</subfield><subfield code='y'>20th century</subfield></datafield><datafield ind1=' ' ind2='0' tag='650'><subfield code='a'>Communism</subfield><subfield code='z'>Palestine</subfield><subfield code='x'>History.</subfield></datafield><datafield ind1=' ' ind2='0' tag='650'><subfield code='a'>Jewish communists</subfield><subfield code='z'>Palestine</subfield><subfield code='x'>History.</subfield></datafield><datafield ind1=' ' ind2='7' tag='648'><subfield code='a'>1900-1999</subfield><subfield code='2'>fast</subfield></datafield><datafield ind1=' ' ind2='7' tag='655'><subfield code='a'>History</subfield><subfield code='2'>fast</subfield></datafield><datafield ind1='1' ind2=' ' tag='583'><subfield code='a'>committed to retain</subfield><subfield code='c'>20181001</subfield><subfield code='d'>in perpetuity</subfield><subfield code='f'>ReCAP Shared Collection</subfield><subfield code='5'>HUL</subfield><subfield code='8'>222134208170003941</subfield></datafield><datafield ind1='0' ind2=' ' tag='852'><subfield code='c'>HD</subfield><subfield code='h'>HX378.5.A6</subfield><subfield code='i'>B83 2010</subfield><subfield code='0'>13268471</subfield><subfield code='b'>scsbhl</subfield></datafield><datafield ind1=' ' ind2=' ' tag='876'><subfield code='0'>13268471</subfield><subfield code='a'>19077893</subfield><subfield code='h'> </subfield><subfield code='j'>Available</subfield><subfield code='k'>WID</subfield><subfield code='p'>32044117073684</subfield><subfield code='x'>Shared</subfield><subfield code='z'>HW</subfield><subfield code='l'>HD</subfield></datafield></record>