
<record><leader>02491nam a2200385 a 4500</leader><controlfield tag='001'>SCSB-3398404</controlfield><controlfield tag='003'>NNC</controlfield><controlfield tag='005'>20220609010854.0</controlfield><controlfield tag='008'>950824t19961996maub     b    000 0 eng  </controlfield><controlfield tag='009'>1850347</controlfield><datafield ind1=' ' ind2=' ' tag='010'><subfield code='a'>   95025376 </subfield></datafield><datafield ind1=' ' ind2=' ' tag='020'><subfield code='a'>026251088X (pbk.)</subfield></datafield><datafield ind1=' ' ind2=' ' tag='035'><subfield code='a'>(OCoLC)33104782</subfield></datafield><datafield ind1=' ' ind2=' ' tag='035'><subfield code='a'>(OCoLC)ocm33104782</subfield></datafield><datafield ind1=' ' ind2=' ' tag='035'><subfield code='9'>ALT5325CU</subfield></datafield><datafield ind1=' ' ind2=' ' tag='035'><subfield code='a'>(NNC)1850347</subfield></datafield><datafield ind1=' ' ind2=' ' tag='035'><subfield code='a'>1850347</subfield></datafield><datafield ind1=' ' ind2=' ' tag='040'><subfield code='a'>DLC</subfield><subfield code='c'>DLC</subfield><subfield code='d'>DLC</subfield><subfield code='d'>OrLoB-B</subfield></datafield><datafield ind1=' ' ind2=' ' tag='043'><subfield code='a'>e-ur---</subfield><subfield code='a'>n-us---</subfield></datafield><datafield ind1='0' ind2='0' tag='050'><subfield code='a'>HV6431</subfield><subfield code='b'>.A96 1996</subfield></datafield><datafield ind1='0' ind2='0' tag='082'><subfield code='a'>327.1/74</subfield><subfield code='2'>20</subfield></datafield><datafield ind1='0' ind2='0' tag='245'><subfield code='a'>Avoiding nuclear anarchy :</subfield><subfield code='b'>containing the threat of loose Russian nuclear weapons and fissile material /</subfield><subfield code='c'>Graham T. Allison [and others].</subfield></datafield><datafield ind1=' ' ind2=' ' tag='260'><subfield code='a'>Cambridge, Mass. :</subfield><subfield code='b'>MIT Press,</subfield><subfield code='c'>[1996], ©1996.</subfield></datafield><datafield ind1=' ' ind2=' ' tag='300'><subfield code='a'>viii, 295 pages :</subfield><subfield code='b'>map ;</subfield><subfield code='c'>24 cm.</subfield></datafield><datafield ind1=' ' ind2=' ' tag='336'><subfield code='a'>text</subfield><subfield code='b'>txt</subfield><subfield code='2'>rdacontent</subfield></datafield><datafield ind1=' ' ind2=' ' tag='337'><subfield code='a'>unmediated</subfield><subfield code='b'>n</subfield><subfield code='2'>rdamedia</subfield></datafield><datafield ind1='1' ind2=' ' tag='490'><subfield code='a'>CSIA studies in international security ;</subfield><subfield code='v'>no. 12</subfield></datafield><datafield ind1=' ' ind2=' ' tag='504'><subfield code='a'>Includes bibliographical references.</subfield></datafield><datafield ind1='0' ind2='0' tag='505'><subfield code='g'>Ch. 1.</subfield><subfield code='t'>Risks of Nuclear Leakage --</subfield><subfield code='g'>Ch. 2.</subfield><subfield code='t'>Stakes: How Nuclear Leakage Threatens U.S. Interests --</subfield><subfield code='g'>Ch. 3.</subfield><subfield code='t'>Response: Inadequacies of American Policy --</subfield><subfield code='g'>Ch. 4.</subfield><subfield code='t'>The Challenge: A Response Commensurate with the Stakes --</subfield><subfield code='t'>Appendix A. The Russian Nuclear Archipelago /</subfield><subfield code='r'>Owen R. Cote, Jr. --</subfield><subfield code='t'>Appendix B. A Primer on Fissile Materials and Nuclear Weapon Design /</subfield><subfield code='r'>Owen R. Cote, Jr. --</subfield><subfield code='t'>Appendix C. The HEU Deal /</subfield><subfield code='r'>Richard A. Falkenrath --</subfield><subfield code='t'>Map: The Russian Nuclear Archipelago --</subfield><subfield code='t'>About The Center for Science and International Affairs.</subfield></datafield><datafield ind1=' ' ind2=' ' tag='520'><subfield code='a'>As the most open society on a shrinking planet, the United States has no reliable defense against smuggled weapons fashioned from black-market materials by a determined state or terrorist group. Avoiding Nuclear Anarchy highlights the fact that the only way to combat the threat is by preventing nuclear leakage in the first place. Its message is both timely and urgent: it outlines the new nuclear danger and details how to reshape U.S. national security policy to deal with these dangers.</subfield></datafield><datafield ind1=' ' ind2='0' tag='650'><subfield code='a'>Nuclear terrorism</subfield><subfield code='x'>Prevention.</subfield></datafield><datafield ind1=' ' ind2='0' tag='650'><subfield code='a'>Nuclear industry</subfield><subfield code='x'>Security measures</subfield><subfield code='z'>Former Soviet republics.</subfield></datafield><datafield ind1=' ' ind2='0' tag='650'><subfield code='a'>Nuclear nonproliferation</subfield><subfield code='x'>Government policy</subfield><subfield code='z'>United States.</subfield><subfield code='0'>http://id.loc.gov/authorities/subjects/sh2010103921</subfield></datafield><datafield ind1='1' ind2=' ' tag='700'><subfield code='a'>Allison, Graham T.</subfield><subfield code='0'>http://id.loc.gov/authorities/names/n79045518</subfield></datafield><datafield ind1=' ' ind2='0' tag='830'><subfield code='a'>CSIA studies in international security ;</subfield><subfield code='v'>no. 12.</subfield><subfield code='0'>http://id.loc.gov/authorities/names/n93113074</subfield></datafield><datafield ind1='0' ind2='0' tag='852'><subfield code='h'>HV6431 .A96 1996</subfield><subfield code='0'>3383246</subfield><subfield code='b'>scsbcul</subfield></datafield><datafield ind1=' ' ind2=' ' tag='876'><subfield code='0'>3383246</subfield><subfield code='a'>5112312</subfield><subfield code='h'> </subfield><subfield code='j'>Available</subfield><subfield code='p'>CU63880393</subfield><subfield code='t'>1</subfield><subfield code='x'>Shared</subfield><subfield code='z'>CU</subfield><subfield code='l'>RECAP</subfield></datafield></record>