
<record><leader>02572cam a2200541 i 4500</leader><controlfield tag='001'>SCSB-14870505</controlfield><controlfield tag='003'>NNC</controlfield><controlfield tag='005'>20240627003041.0</controlfield><controlfield tag='008'>230714s2023    enka     bc   000 0 eng d</controlfield><controlfield tag='009'>17997861</controlfield><datafield ind1=' ' ind2=' ' tag='015'><subfield code='a'>GBC3E2000</subfield><subfield code='2'>bnb</subfield></datafield><datafield ind1='7' ind2=' ' tag='016'><subfield code='a'>021156170</subfield><subfield code='2'>Uk</subfield></datafield><datafield ind1=' ' ind2=' ' tag='020'><subfield code='a'>9780500026212</subfield><subfield code='q'>hardback</subfield></datafield><datafield ind1=' ' ind2=' ' tag='020'><subfield code='a'>0500026211</subfield><subfield code='q'>hardback</subfield></datafield><datafield ind1=' ' ind2=' ' tag='035'><subfield code='a'>(OCoLC)1393177894</subfield></datafield><datafield ind1=' ' ind2=' ' tag='035'><subfield code='a'>(OCoLC)on1393177894</subfield></datafield><datafield ind1=' ' ind2=' ' tag='035'><subfield code='a'>(NNC)17997861</subfield></datafield><datafield ind1=' ' ind2=' ' tag='035'><subfield code='a'>17997861</subfield></datafield><datafield ind1=' ' ind2=' ' tag='040'><subfield code='a'>UKMGB</subfield><subfield code='b'>eng</subfield><subfield code='e'>rda</subfield><subfield code='c'>UKMGB</subfield><subfield code='d'>BDX</subfield><subfield code='d'>OCLCQ</subfield><subfield code='d'>OCLCO</subfield><subfield code='d'>YDX</subfield><subfield code='d'>OCLCO</subfield><subfield code='d'>NYP</subfield><subfield code='d'>OCLCO</subfield></datafield><datafield ind1=' ' ind2='4' tag='050'><subfield code='a'>TR647.T865</subfield><subfield code='b'>D43 2023</subfield></datafield><datafield ind1='0' ind2='4' tag='082'><subfield code='a'>779.092</subfield><subfield code='2'>23</subfield></datafield><datafield ind1='0' ind2='0' tag='245'><subfield code='a'>Deborah Turbeville :</subfield><subfield code='b'>photocollage /</subfield><subfield code='c'>[edited by] Nathalie Herschdorfer.</subfield></datafield><datafield ind1='3' ind2='0' tag='246'><subfield code='a'>Photocollage</subfield></datafield><datafield ind1=' ' ind2='1' tag='264'><subfield code='a'>London ;</subfield><subfield code='a'>New York, NY :</subfield><subfield code='b'>Thames and Hudson,</subfield><subfield code='c'>2023.</subfield></datafield><datafield ind1=' ' ind2=' ' tag='300'><subfield code='a'>240 pages :</subfield><subfield code='b'>illustrations (black and white, and colour) ;</subfield><subfield code='c'>26 x 31 cm</subfield></datafield><datafield ind1=' ' ind2=' ' tag='336'><subfield code='a'>text</subfield><subfield code='b'>txt</subfield><subfield code='2'>rdacontent</subfield></datafield><datafield ind1=' ' ind2=' ' tag='336'><subfield code='a'>still image</subfield><subfield code='b'>sti</subfield><subfield code='2'>rdacontent</subfield></datafield><datafield ind1=' ' ind2=' ' tag='337'><subfield code='a'>unmediated</subfield><subfield code='b'>n</subfield><subfield code='2'>rdamedia</subfield></datafield><datafield ind1=' ' ind2=' ' tag='338'><subfield code='a'>volume</subfield><subfield code='b'>nc</subfield><subfield code='2'>rdacarrier</subfield></datafield><datafield ind1=' ' ind2=' ' tag='504'><subfield code='a'>Includes bibliographical references.</subfield></datafield><datafield ind1=' ' ind2=' ' tag='500'><subfield code='a'>Published to accompany touring exhibition opening at Photo Elysée in Lausanne.</subfield></datafield><datafield ind1='1' ind2='0' tag='600'><subfield code='a'>Turbeville, Deborah,</subfield><subfield code='d'>1932-2013</subfield><subfield code='v'>Exhibitions.</subfield><subfield code='1'>https://isni.org/isni/000000042139888X</subfield></datafield><datafield ind1=' ' ind2='0' tag='650'><subfield code='a'>Fashion photography</subfield><subfield code='v'>Exhibitions.</subfield><subfield code='0'>http://id.loc.gov/authorities/subjects/sh2008120286</subfield></datafield><datafield ind1=' ' ind2='0' tag='650'><subfield code='a'>Photocollage</subfield><subfield code='v'>Exhibitions.</subfield></datafield><datafield ind1=' ' ind2='0' tag='650'><subfield code='a'>Fashion photography.</subfield><subfield code='0'>http://id.loc.gov/authorities/subjects/sh85047385</subfield></datafield><datafield ind1=' ' ind2='6' tag='650'><subfield code='a'>Photographie de mode.</subfield><subfield code='0'>(CaQQLa)201-0022802</subfield></datafield><datafield ind1=' ' ind2='6' tag='650'><subfield code='a'>Photographie de mode</subfield><subfield code='0'>(CaQQLa)201-0022802</subfield><subfield code='v'>Expositions.</subfield><subfield code='0'>(CaQQLa)201-0378191</subfield></datafield><datafield ind1=' ' ind2='6' tag='650'><subfield code='a'>Photocollage</subfield><subfield code='0'>(CaQQLa)201-0325150</subfield><subfield code='v'>Expositions.</subfield><subfield code='0'>(CaQQLa)201-0378191</subfield></datafield><datafield ind1=' ' ind2='7' tag='650'><subfield code='a'>fashion photography.</subfield><subfield code='2'>aat</subfield><subfield code='0'>(CStmoGRI)aat300135798</subfield></datafield><datafield ind1=' ' ind2='7' tag='655'><subfield code='a'>exhibition catalogs.</subfield><subfield code='2'>aat</subfield><subfield code='0'>(CStmoGRI)aatgf300026096</subfield></datafield><datafield ind1=' ' ind2='7' tag='655'><subfield code='a'>Exhibition catalogs.</subfield><subfield code='2'>lcgft</subfield><subfield code='0'>http://id.loc.gov/authorities/genreForms/gf2014026098</subfield></datafield><datafield ind1=' ' ind2='7' tag='655'><subfield code='a'>Catalogues d&apos;exposition.</subfield><subfield code='2'>rvmgf</subfield><subfield code='0'>(CaQQLa)RVMGF-000001063</subfield></datafield><datafield ind1='1' ind2=' ' tag='700'><subfield code='a'>Herschdorfer, Nathalie,</subfield><subfield code='e'>editor.</subfield><subfield code='4'>http://id.loc.gov/vocabulary/relators/edt</subfield><subfield code='0'>http://id.loc.gov/authorities/names/nb2005004439</subfield></datafield><datafield ind1='1' ind2='2' tag='700'><subfield code='a'>Turbeville, Deborah,</subfield><subfield code='d'>1932-2013.</subfield><subfield code='t'>Works.</subfield><subfield code='k'>Selections.</subfield></datafield><datafield ind1='2' ind2=' ' tag='710'><subfield code='a'>Photo Elysée (Museum : Lausanne, Switzerland)</subfield><subfield code='0'>http://id.loc.gov/authorities/names/no2022135293</subfield></datafield><datafield ind1='2' ind2=' ' tag='710'><subfield code='a'>MUUS Collection.</subfield><subfield code='0'>http://id.loc.gov/authorities/names/no2024061053</subfield></datafield><datafield ind1=' ' ind2=' ' tag='901'><subfield code='a'>d4f5d6d3-635d-4eb1-a033-3836bea28d03</subfield><subfield code='b'>25</subfield><subfield code='c'>false</subfield></datafield><datafield ind1='0' ind2='0' tag='852'><subfield code='h'>TR647.T865 D43 2023g</subfield><subfield code='0'>15900703</subfield><subfield code='b'>scsbcul</subfield></datafield><datafield ind1=' ' ind2=' ' tag='876'><subfield code='0'>15900703</subfield><subfield code='a'>22572027</subfield><subfield code='h'>In Library Use</subfield><subfield code='j'>Available</subfield><subfield code='p'>AR03230767</subfield><subfield code='t'>1</subfield><subfield code='x'>Shared</subfield><subfield code='z'>AR</subfield><subfield code='l'>RECAP</subfield></datafield></record>