
<record><leader>08230cam a2200745 i 4500</leader><controlfield tag='001'>SCSB-15003256</controlfield><controlfield tag='003'>NNC</controlfield><controlfield tag='005'>20240820233140.0</controlfield><controlfield tag='008'>230510s2023    msua     b    001 0 eng  </controlfield><controlfield tag='009'>18607837</controlfield><datafield ind1=' ' ind2=' ' tag='010'><subfield code='a'>  2023020193</subfield></datafield><datafield ind1=' ' ind2=' ' tag='020'><subfield code='a'>9781496845733</subfield><subfield code='q'>hardcover</subfield></datafield><datafield ind1=' ' ind2=' ' tag='020'><subfield code='a'>1496845730</subfield><subfield code='q'>hardcover</subfield></datafield><datafield ind1=' ' ind2=' ' tag='020'><subfield code='z'>9781496848376</subfield><subfield code='q'>electronic publication</subfield></datafield><datafield ind1=' ' ind2=' ' tag='020'><subfield code='z'>9781496848383</subfield><subfield code='q'>electronic publication</subfield></datafield><datafield ind1=' ' ind2=' ' tag='020'><subfield code='z'>9781496848390</subfield><subfield code='q'>electronic book</subfield></datafield><datafield ind1=' ' ind2=' ' tag='020'><subfield code='z'>9781496848406</subfield><subfield code='q'>electronic book</subfield></datafield><datafield ind1=' ' ind2=' ' tag='035'><subfield code='a'>(OCoLC)1378380979</subfield></datafield><datafield ind1=' ' ind2=' ' tag='035'><subfield code='a'>(OCoLC)on1378380979</subfield></datafield><datafield ind1=' ' ind2=' ' tag='035'><subfield code='a'>(NNC)18607837</subfield></datafield><datafield ind1=' ' ind2=' ' tag='035'><subfield code='a'>18607837</subfield></datafield><datafield ind1=' ' ind2=' ' tag='040'><subfield code='a'>MsSM/DLC</subfield><subfield code='b'>eng</subfield><subfield code='e'>rda</subfield><subfield code='c'>DLC</subfield><subfield code='d'>OCLCF</subfield><subfield code='d'>YDX</subfield><subfield code='d'>OCLCO</subfield></datafield><datafield ind1=' ' ind2=' ' tag='042'><subfield code='a'>pcc</subfield></datafield><datafield ind1=' ' ind2=' ' tag='043'><subfield code='a'>n-us---</subfield></datafield><datafield ind1=' ' ind2='4' tag='050'><subfield code='a'>NX650.L34</subfield><subfield code='b'>A44 2023</subfield></datafield><datafield ind1='0' ind2='0' tag='082'><subfield code='a'>700/.46</subfield><subfield code='2'>23/eng/20230802</subfield></datafield><datafield ind1='0' ind2='0' tag='245'><subfield code='a'>American landscapes :</subfield><subfield code='b'>meditations on art and literature in a changing world /</subfield><subfield code='c'>edited by Ann J. Abadie and J. Richard Gruber, with contributions from the following panelists and writers John Alexander, Melanie Munns Antonelli, Jason Bouldin [and 22 others].</subfield></datafield><datafield ind1=' ' ind2='1' tag='264'><subfield code='a'>Jackson :</subfield><subfield code='b'>University Press of Mississippi,</subfield><subfield code='c'>[2023]</subfield></datafield><datafield ind1=' ' ind2=' ' tag='300'><subfield code='a'>272 pages :</subfield><subfield code='b'>illustrations (chiefly color) ;</subfield><subfield code='c'>27 x 29 cm.</subfield></datafield><datafield ind1=' ' ind2=' ' tag='336'><subfield code='a'>text</subfield><subfield code='b'>txt</subfield><subfield code='2'>rdacontent</subfield></datafield><datafield ind1=' ' ind2=' ' tag='337'><subfield code='a'>unmediated</subfield><subfield code='b'>n</subfield><subfield code='2'>rdamedia</subfield></datafield><datafield ind1=' ' ind2=' ' tag='338'><subfield code='a'>volume</subfield><subfield code='b'>nc</subfield><subfield code='2'>rdacarrier</subfield></datafield><datafield ind1='1' ind2=' ' tag='490'><subfield code='a'>University of Mississippi museum and historic houses series ;</subfield><subfield code='v'>volume 2</subfield></datafield><datafield ind1=' ' ind2=' ' tag='504'><subfield code='a'>Includes bibliographical references and index.</subfield></datafield><datafield ind1='0' ind2='0' tag='505'><subfield code='t'>In memoriam -- Julia Evans Reed --</subfield><subfield code='t'>Dunlap on Dunlap /</subfield><subfield code='r'>William Dunlap --</subfield><subfield code='t'>Prelude: Friends of the University of Mississippi Museum&apos;s Acquisition of &quot;Meditations on the Origins of Agriculture in America&quot; /</subfield><subfield code='r'>Dorothy Molpus Howorth --</subfield><subfield code='t'>Introduction: Looking backward, looking forward /</subfield><subfield code='r'>J. Richard Gruber --</subfield><subfield code='t'>The power of place in art and literature /</subfield><subfield code='r'>William Dunlap --</subfield><subfield code='t'>The lyrical landscape /</subfield><subfield code='r'>W. Ralph Eubanks, Natasha Trethewey --</subfield><subfield code='t'>Symposium keynote address opening remarks /</subfield><subfield code='r'>Diane Scruggs, Noel E. Wilkin, Robert Saarnio --</subfield><subfield code='t'>Keynote address: The American landscape painting tradition: History, place, charged objects, and Southern road trips /</subfield><subfield code='r'>J. Richard Gruber --</subfield><subfield code='t'>Southern road trip /</subfield><subfield code='r'>Betsy Bradley, John Alexander, William Dunlap, Jane Livingston, Julia Reed --</subfield><subfield code='t'>The power of place in art /</subfield><subfield code='r'>Lisa Howorth, Jane Livingston, Sally Mann --</subfield><subfield code='t'>The written word and sense of place in landscape /</subfield><subfield code='r'>W. Ralph Eubanks, John Grisham, Jessica B. Harris, Curtis Wilkie --</subfield><subfield code='t'>Ways of seeing the landscape /</subfield><subfield code='t'>Julian Rankin, John Alexander, Jason Bouldin, William Dunlap, Carlyle Wolfe --</subfield><subfield code='t'>Landscape paintings and photographs /</subfield><subfield code='r'>William Dunlap, Melanie Munns Antonelli --</subfield><subfield code='t'>Event photographs /</subfield><subfield code='r'>Linda Burgess, Danny Dickey, and Thad Lee --</subfield><subfield code='t'>Look at it, think about it /</subfield><subfield code='r'>J. Richard Gruber --</subfield><subfield code='t'>COVID-19 pandemic and the making of art /</subfield><subfield code='r'>William Dunlap --</subfield><subfield code='t'>My landscape&apos;s not your landscape: Some musings on the multiplicity of landscapes of and in the mind /</subfield><subfield code='r'>Jessica B. Harris --</subfield><subfield code='t'>Landscape in the time of COVID: A funky valentine /</subfield><subfield code='r'>Lisa Howorth --</subfield><subfield code='t'>Sense of place /</subfield><subfield code='r'>Curtis Wilkie --</subfield><subfield code='t'>Four meditations from the land of Rowan Oak /</subfield><subfield code='r'>Ed Croom --</subfield><subfield code='t'>Transitions /</subfield><subfield code='r'>Randy Hayes --</subfield><subfield code='t'>Epiphanies and meditations /</subfield><subfield code='r'>Linda Burgess --</subfield><subfield code='t'>Source of inspiration /</subfield><subfield code='r'>John Grisham --</subfield><subfield code='t'>Oxford odyssey /</subfield><subfield code='r'>Huger Foote --</subfield><subfield code='t'>Meditations on the sublime in Mississippi landscapes /</subfield><subfield code='r'>Betsy Bradley --</subfield><subfield code='t'>Meditations on landscape /</subfield><subfield code='r'>Ke Francis --</subfield><subfield code='t'>Southern light, southern landscape /</subfield><subfield code='r'>W. Ralph Eubanks --</subfield><subfield code='t'>Stars and snakes forever: An interview with John Alexander /</subfield><subfield code='r'>J. Richard Gruber --</subfield><subfield code='t'>Bearing witness: Visual aesthetics and meaning /</subfield><subfield code='r'>Jason Bouldin --</subfield><subfield code='t'>Landscape as subject /</subfield><subfield code='r'>Carlyle Wolfe Lee --</subfield><subfield code='t'>Returning /</subfield><subfield code='r'>Julian Rankin --</subfield><subfield code='t'>Playing Indian: The Capitol rioter dressed up as a Native American is part of a long cultural history. We ignore it at our peril /</subfield><subfield code='r'>Joseph M. Pierce --</subfield><subfield code='t'>What to do about William Faulkner: Review of the saddest words: William Faulkner&apos;s Civil War by Michael Gorra /</subfield><subfield code='r'>Drew Gilpin Faust --</subfield><subfield code='t'>Afterword: Meditations /</subfield><subfield code='r'>J. Richard Gruber --</subfield><subfield code='t'>About the Contributors -- Index.</subfield></datafield><datafield ind1=' ' ind2=' ' tag='520'><subfield code='a'>&quot;American Landscapes: Meditations on Art and Literature in a Changing World is a major contemporary survey of landscapes in art and literature of the United States, especially the American South. Inspired by William Dunlap&apos;s extraordinary landscape Meditations on the Origins of Agriculture in America and a collection of forty paintings and photographs by southern artists, this volume brings together artists, authors, and scholars to present new perspectives on art and literature both past and present. The volume includes art and text from artists John Alexander, Jason Bouldin, William Dunlap, Carlyle Wolfe Lee, Ke Francis, Linda Burgess, Randy Hayes; photographers Sally Mann, Ed Croom, and Huger Foote; museum directors Betsy Bradley, Jane Livingston, and Julian Rankin; and authors W. Ralph Eubanks, John Grisham, J. Richard Gruber, Jessica B. Harris, Lisa Howorth, Julia Reed, Natasha Trethewey, Curtis Wilkie, Joseph M. Pierce, and Drew Gilpin Faust. This diverse group explores major eras of American history portrayed in Dunlap&apos;s painting, a landscape that evokes the displacement and genocide of Native Americans, the enslavement of Africans, the Civil War, and William Faulkner&apos;s fiction. They examine the history of landscape art in America, connecting art with the works of major writers like William Faulkner, Eudora Welty, Natasha Trethewey, and Jesmyn Ward. In eighteen new essays written during the pandemic and since the events of January 6, 2021, the essayists emphasize how the key issues Dunlap addressed in his 1987 artwork have become part of the national discourse and make his work even more vital today&quot;--</subfield><subfield code='c'>Provided by publisher.</subfield></datafield><datafield ind1=' ' ind2='0' tag='650'><subfield code='a'>Landscapes in art.</subfield><subfield code='0'>http://id.loc.gov/authorities/subjects/sh85074423</subfield></datafield><datafield ind1=' ' ind2='0' tag='650'><subfield code='a'>Landscapes in literature.</subfield><subfield code='0'>http://id.loc.gov/authorities/subjects/sh95010443</subfield></datafield><datafield ind1=' ' ind2='0' tag='650'><subfield code='a'>Art and literature</subfield><subfield code='z'>United States.</subfield></datafield><datafield ind1=' ' ind2='0' tag='650'><subfield code='a'>Landscapes</subfield><subfield code='z'>United States.</subfield><subfield code='0'>http://id.loc.gov/authorities/subjects/sh2009128773</subfield></datafield><datafield ind1=' ' ind2='0' tag='650'><subfield code='a'>Landscape painting, American.</subfield><subfield code='0'>http://id.loc.gov/authorities/subjects/sh85074434</subfield></datafield><datafield ind1=' ' ind2='0' tag='650'><subfield code='a'>Landscape painters</subfield><subfield code='z'>United States</subfield><subfield code='v'>Interviews.</subfield></datafield><datafield ind1=' ' ind2='6' tag='650'><subfield code='a'>Paysages dans l&apos;art.</subfield><subfield code='0'>(CaQQLa)201-0135825</subfield></datafield><datafield ind1=' ' ind2='6' tag='650'><subfield code='a'>Paysages dans la littérature.</subfield><subfield code='0'>(CaQQLa)201-0160853</subfield></datafield><datafield ind1=' ' ind2='6' tag='650'><subfield code='a'>Art et littérature</subfield><subfield code='0'>(CaQQLa)201-0001486</subfield><subfield code='z'>États-Unis.</subfield><subfield code='0'>(CaQQLa)201-0407727</subfield></datafield><datafield ind1=' ' ind2='6' tag='650'><subfield code='a'>Paysages</subfield><subfield code='0'>(CaQQLa)201-0010292</subfield><subfield code='z'>États-Unis.</subfield><subfield code='0'>(CaQQLa)201-0407727</subfield></datafield><datafield ind1=' ' ind2='6' tag='650'><subfield code='a'>Peinture de paysages américaine.</subfield><subfield code='0'>(CaQQLa)000288583</subfield></datafield><datafield ind1=' ' ind2='6' tag='650'><subfield code='a'>Paysagistes</subfield><subfield code='0'>(CaQQLa)201-0062746</subfield><subfield code='z'>États-Unis</subfield><subfield code='0'>(CaQQLa)201-0407727</subfield><subfield code='v'>Entretiens.</subfield><subfield code='0'>(CaQQLa)201-0378030</subfield></datafield><datafield ind1=' ' ind2='7' tag='650'><subfield code='a'>Art and literature.</subfield><subfield code='2'>fast</subfield><subfield code='0'>(OCoLC)fst00815400</subfield></datafield><datafield ind1=' ' ind2='7' tag='650'><subfield code='a'>Landscape painters.</subfield><subfield code='2'>fast</subfield><subfield code='0'>(OCoLC)fst00991944</subfield></datafield><datafield ind1=' ' ind2='7' tag='650'><subfield code='a'>Landscape painting, American.</subfield><subfield code='2'>fast</subfield><subfield code='0'>(OCoLC)fst00991960</subfield></datafield><datafield ind1=' ' ind2='7' tag='650'><subfield code='a'>Landscapes.</subfield><subfield code='2'>fast</subfield><subfield code='0'>(OCoLC)fst01735625</subfield></datafield><datafield ind1=' ' ind2='7' tag='650'><subfield code='a'>Landscapes in art.</subfield><subfield code='2'>fast</subfield><subfield code='0'>(OCoLC)fst01899801</subfield></datafield><datafield ind1=' ' ind2='7' tag='650'><subfield code='a'>Landscapes in literature.</subfield><subfield code='2'>fast</subfield><subfield code='0'>(OCoLC)fst01899802</subfield></datafield><datafield ind1=' ' ind2='7' tag='651'><subfield code='a'>United States.</subfield><subfield code='2'>fast</subfield><subfield code='0'>(OCoLC)fst01204155</subfield></datafield><datafield ind1=' ' ind2='7' tag='655'><subfield code='a'>Interviews.</subfield><subfield code='2'>fast</subfield><subfield code='0'>(OCoLC)fst01423832</subfield></datafield><datafield ind1='1' ind2=' ' tag='700'><subfield code='a'>Abadie, Ann J.,</subfield><subfield code='e'>editor.</subfield><subfield code='4'>http://id.loc.gov/vocabulary/relators/edt</subfield><subfield code='0'>http://id.loc.gov/authorities/names/n79053905</subfield></datafield><datafield ind1='1' ind2=' ' tag='700'><subfield code='a'>Gruber, J. Richard,</subfield><subfield code='e'>editor.</subfield><subfield code='4'>http://id.loc.gov/vocabulary/relators/edt</subfield><subfield code='0'>http://id.loc.gov/authorities/names/n87915275</subfield></datafield><datafield ind1='1' ind2=' ' tag='700'><subfield code='a'>Alexander, John,</subfield><subfield code='e'>contributor.</subfield><subfield code='4'>http://id.loc.gov/vocabulary/relators/ctb</subfield><subfield code='0'>http://id.loc.gov/authorities/names/n88611306</subfield></datafield><datafield ind1='1' ind2=' ' tag='700'><subfield code='a'>Antonelli, Melanie Munns,</subfield><subfield code='e'>contributor.</subfield><subfield code='4'>http://id.loc.gov/vocabulary/relators/ctb</subfield></datafield><datafield ind1='1' ind2=' ' tag='700'><subfield code='a'>Bouldin, Jason,</subfield><subfield code='e'>contributor.</subfield><subfield code='4'>http://id.loc.gov/vocabulary/relators/ctb</subfield><subfield code='0'>http://id.loc.gov/authorities/names/no99083303</subfield></datafield><datafield ind1='0' ind2='8' tag='776'><subfield code='i'>Online version:</subfield><subfield code='t'>American landscapes</subfield><subfield code='d'>Jackson : University Press of Mississippi, 2023</subfield><subfield code='z'>9781496848376</subfield><subfield code='w'>(DLC)  2023020194</subfield></datafield><datafield ind1=' ' ind2='0' tag='830'><subfield code='a'>University of Mississippi Museum and Historic Houses Series ;</subfield><subfield code='v'>volume 2.</subfield><subfield code='0'>http://id.loc.gov/authorities/names/no2018123564</subfield></datafield><datafield ind1='0' ind2='0' tag='852'><subfield code='h'>NX650.L34 A44 2023g</subfield><subfield code='0'>16055598</subfield><subfield code='b'>scsbcul</subfield></datafield><datafield ind1=' ' ind2=' ' tag='876'><subfield code='0'>16055598</subfield><subfield code='a'>22768376</subfield><subfield code='h'>In Library Use</subfield><subfield code='j'>Available</subfield><subfield code='p'>AR03254410</subfield><subfield code='t'>1</subfield><subfield code='x'>Shared</subfield><subfield code='z'>AR</subfield><subfield code='l'>RECAP</subfield></datafield></record>