
<record><leader>01260cam a2200301 a 4500</leader><controlfield tag='001'>SCSB-13243912</controlfield><controlfield tag='005'>20020606104010.5</controlfield><controlfield tag='008'>970228s1998    scuabcf  b   s001 0 eng  </controlfield><controlfield tag='009'>990075870000203941</controlfield><datafield ind1=' ' ind2=' ' tag='010'><subfield code='a'>^^^97004742^</subfield></datafield><datafield ind1=' ' ind2=' ' tag='020'><subfield code='a'>1570031991</subfield></datafield><datafield ind1=' ' ind2=' ' tag='035'><subfield code='a'>(OCoLC)36498838</subfield><subfield code='z'>(OCoLC)123068134</subfield></datafield><datafield ind1=' ' ind2=' ' tag='040'><subfield code='a'>DLC</subfield><subfield code='c'>DLC</subfield><subfield code='d'>C#P</subfield><subfield code='d'>HLS</subfield></datafield><datafield ind1=' ' ind2=' ' tag='043'><subfield code='a'>n-us-il</subfield><subfield code='a'>n-us---</subfield></datafield><datafield ind1='0' ind2='0' tag='050'><subfield code='a'>E492.94 29th</subfield><subfield code='b'>.M55 1998</subfield></datafield><datafield ind1='0' ind2='0' tag='082'><subfield code='a'>973.7/415</subfield><subfield code='2'>21</subfield></datafield><datafield ind1='1' ind2=' ' tag='100'><subfield code='a'>Miller, Edward A.,</subfield><subfield code='d'>1927-</subfield></datafield><datafield ind1='1' ind2='4' tag='245'><subfield code='a'>The Black Civil War soldiers of Illinois :</subfield><subfield code='b'>the story of the Twenty-Ninth U.S. Colored Infantry /</subfield><subfield code='c'>Edward A. Miller, Jr.</subfield></datafield><datafield ind1=' ' ind2=' ' tag='260'><subfield code='a'>Columbia :</subfield><subfield code='b'>University of South Carolina Press,</subfield><subfield code='c'>c1998.</subfield></datafield><datafield ind1=' ' ind2=' ' tag='300'><subfield code='a'>xi, 267 p., [16] p. of plates :</subfield><subfield code='b'>ill., maps, ports. ;</subfield><subfield code='c'>24 cm.</subfield></datafield><datafield ind1=' ' ind2=' ' tag='504'><subfield code='a'>Includes bibliographical references (p. 244-253) and index.</subfield></datafield><datafield ind1='1' ind2='0' tag='610'><subfield code='a'>United States.</subfield><subfield code='b'>Army.</subfield><subfield code='b'>Colored Infantry Regiment, 29th (1864-1865)</subfield></datafield><datafield ind1=' ' ind2='0' tag='650'><subfield code='a'>African American soldiers</subfield><subfield code='z'>Illinois</subfield><subfield code='x'>History</subfield><subfield code='y'>19th century.</subfield></datafield><datafield ind1=' ' ind2='0' tag='651'><subfield code='a'>United States</subfield><subfield code='x'>History</subfield><subfield code='y'>Civil War, 1861-1865</subfield><subfield code='x'>Participation, African American</subfield></datafield><datafield ind1=' ' ind2='0' tag='651'><subfield code='a'>United States</subfield><subfield code='x'>History</subfield><subfield code='y'>Civil War, 1861-1865</subfield><subfield code='x'>Regimental histories</subfield></datafield><datafield ind1=' ' ind2='0' tag='651'><subfield code='a'>Illinois</subfield><subfield code='x'>History</subfield><subfield code='y'>Civil War, 1861-1865</subfield><subfield code='x'>Participation, African American.</subfield></datafield><datafield ind1=' ' ind2='7' tag='647'><subfield code='a'>American Civil War</subfield><subfield code='c'>(United States :</subfield><subfield code='d'>1861-1865)</subfield><subfield code='2'>fast</subfield></datafield><datafield ind1=' ' ind2='7' tag='648'><subfield code='a'>1800-1899</subfield><subfield code='2'>fast</subfield></datafield><datafield ind1=' ' ind2='7' tag='655'><subfield code='a'>History</subfield><subfield code='2'>fast</subfield></datafield><datafield ind1='1' ind2=' ' tag='583'><subfield code='a'>committed to retain</subfield><subfield code='c'>20181001</subfield><subfield code='d'>in perpetuity</subfield><subfield code='f'>ReCAP Shared Collection</subfield><subfield code='5'>HUL</subfield><subfield code='8'>222021044710003941</subfield></datafield><datafield ind1='0' ind2=' ' tag='852'><subfield code='c'>RD</subfield><subfield code='h'>E492.94 29th</subfield><subfield code='i'>.M55 1998</subfield><subfield code='0'>14111886</subfield><subfield code='b'>scsbhl</subfield></datafield><datafield ind1=' ' ind2=' ' tag='876'><subfield code='0'>14111886</subfield><subfield code='a'>20322916</subfield><subfield code='h'> </subfield><subfield code='j'>Available</subfield><subfield code='k'>WID</subfield><subfield code='p'>32044099849036</subfield><subfield code='x'>Shared</subfield><subfield code='z'>HV</subfield><subfield code='l'>RECAP</subfield></datafield></record>