
<record><leader>00908nam a2200301 a 4500</leader><controlfield tag='001'>SCSB-3042535</controlfield><controlfield tag='003'>NNC</controlfield><controlfield tag='005'>20220602002158.0</controlfield><controlfield tag='008'>921023t19921992ii            000 0 eng  </controlfield><controlfield tag='009'>1248299</controlfield><datafield ind1=' ' ind2=' ' tag='010'><subfield code='a'>   92906147 </subfield></datafield><datafield ind1=' ' ind2=' ' tag='020'><subfield code='a'>0195628683</subfield></datafield><datafield ind1=' ' ind2=' ' tag='035'><subfield code='a'>(OCoLC)27770195</subfield></datafield><datafield ind1=' ' ind2=' ' tag='035'><subfield code='a'>(OCoLC)ocm27770195</subfield></datafield><datafield ind1=' ' ind2=' ' tag='035'><subfield code='9'>AGX8648CU</subfield></datafield><datafield ind1=' ' ind2=' ' tag='035'><subfield code='a'>(NNC)1248299</subfield></datafield><datafield ind1=' ' ind2=' ' tag='035'><subfield code='a'>1248299</subfield></datafield><datafield ind1=' ' ind2=' ' tag='040'><subfield code='a'>DLC</subfield><subfield code='c'>DLC</subfield><subfield code='d'>EEM</subfield></datafield><datafield ind1='1' ind2=' ' tag='100'><subfield code='a'>Peeradina, Saleem.</subfield><subfield code='0'>http://id.loc.gov/authorities/names/nr94008674</subfield></datafield><datafield ind1='1' ind2='0' tag='245'><subfield code='a'>Group portrait /</subfield><subfield code='c'>Saleem Peeradina.</subfield></datafield><datafield ind1=' ' ind2=' ' tag='260'><subfield code='a'>Madras ;</subfield><subfield code='a'>New York :</subfield><subfield code='b'>Oxford University Press,</subfield><subfield code='c'>[1992], ©1992.</subfield></datafield><datafield ind1=' ' ind2=' ' tag='300'><subfield code='a'>61 pages ;</subfield><subfield code='c'>23 cm.</subfield></datafield><datafield ind1=' ' ind2=' ' tag='336'><subfield code='a'>text</subfield><subfield code='2'>rdacontent</subfield></datafield><datafield ind1=' ' ind2=' ' tag='337'><subfield code='a'>unmediated</subfield><subfield code='2'>rdamedia</subfield></datafield><datafield ind1=' ' ind2=' ' tag='338'><subfield code='a'>volume</subfield><subfield code='2'>rdacarrier</subfield></datafield><datafield ind1='1' ind2=' ' tag='490'><subfield code='a'>Oxford India paperbacks</subfield></datafield><datafield ind1=' ' ind2=' ' tag='500'><subfield code='a'>Poems.</subfield></datafield><datafield ind1=' ' ind2='0' tag='830'><subfield code='a'>Oxford India paperbacks.</subfield><subfield code='0'>http://id.loc.gov/authorities/names/n92069617</subfield></datafield><datafield ind1=' ' ind2=' ' tag='901'><subfield code='a'>a90ebd6f-2f65-44ac-a04a-650372130a87</subfield><subfield code='b'>29</subfield><subfield code='c'>false</subfield></datafield><datafield ind1='0' ind2='0' tag='852'><subfield code='h'>PR9499.3.P39 G7 1992</subfield><subfield code='0'>3023016</subfield><subfield code='b'>scsbcul</subfield></datafield><datafield ind1=' ' ind2=' ' tag='876'><subfield code='0'>3023016</subfield><subfield code='a'>4680656</subfield><subfield code='h'> </subfield><subfield code='j'>Available</subfield><subfield code='p'>CU55169295</subfield><subfield code='t'>1</subfield><subfield code='x'>Open</subfield><subfield code='z'>CU</subfield><subfield code='l'>RECAP</subfield></datafield></record>