
<record><leader>01513cam a2200421 a 4500</leader><controlfield tag='001'>SCSB-2195895</controlfield><controlfield tag='003'>NNC</controlfield><controlfield tag='005'>20220518193430.0</controlfield><controlfield tag='008'>820607s1982    nyua     b    001 0ceng  </controlfield><controlfield tag='009'>79057</controlfield><datafield ind1=' ' ind2=' ' tag='010'><subfield code='a'>   81016787 </subfield></datafield><datafield ind1=' ' ind2=' ' tag='020'><subfield code='a'>0688010172</subfield></datafield><datafield ind1=' ' ind2=' ' tag='035'><subfield code='a'>(OCoLC)7837867</subfield></datafield><datafield ind1=' ' ind2=' ' tag='035'><subfield code='a'>(OCoLC)ocm07837867</subfield></datafield><datafield ind1=' ' ind2=' ' tag='035'><subfield code='a'>(CStRLIN)NYCG82-B21949</subfield></datafield><datafield ind1=' ' ind2=' ' tag='035'><subfield code='9'>AAJ4073CU</subfield></datafield><datafield ind1=' ' ind2=' ' tag='035'><subfield code='a'>(NNC)79057</subfield></datafield><datafield ind1=' ' ind2=' ' tag='035'><subfield code='a'>79057</subfield></datafield><datafield ind1=' ' ind2=' ' tag='040'><subfield code='d'>NNC</subfield></datafield><datafield ind1=' ' ind2=' ' tag='043'><subfield code='a'>e-uk---</subfield><subfield code='a'>n-us---</subfield><subfield code='a'>e-uk-en</subfield></datafield><datafield ind1='0' ind2='0' tag='050'><subfield code='a'>PR105</subfield><subfield code='b'>.D4</subfield></datafield><datafield ind1='0' ind2=' ' tag='082'><subfield code='a'>823/.912/09</subfield><subfield code='a'>B</subfield><subfield code='2'>19</subfield></datafield><datafield ind1=' ' ind2=' ' tag='090'><subfield code='a'>PR105</subfield><subfield code='b'>.D4</subfield></datafield><datafield ind1='1' ind2=' ' tag='100'><subfield code='a'>Delbanco, Nicholas.</subfield><subfield code='0'>http://id.loc.gov/authorities/names/n80040148</subfield></datafield><datafield ind1='1' ind2='0' tag='245'><subfield code='a'>Group portrait :</subfield><subfield code='b'>Joseph Conrad, Stephen Crane, Ford Madox Ford, Henry James, and H.G. Wells /</subfield><subfield code='c'>Nicholas Delbanco.</subfield></datafield><datafield ind1=' ' ind2=' ' tag='250'><subfield code='a'>1st ed.</subfield></datafield><datafield ind1=' ' ind2=' ' tag='260'><subfield code='a'>New York :</subfield><subfield code='b'>Morrow,</subfield><subfield code='c'>1982.</subfield></datafield><datafield ind1=' ' ind2=' ' tag='300'><subfield code='a'>224 pages :</subfield><subfield code='b'>illustrations ;</subfield><subfield code='c'>22 cm</subfield></datafield><datafield ind1=' ' ind2=' ' tag='336'><subfield code='a'>text</subfield><subfield code='2'>rdacontent</subfield></datafield><datafield ind1=' ' ind2=' ' tag='337'><subfield code='a'>unmediated</subfield><subfield code='2'>rdamedia</subfield></datafield><datafield ind1=' ' ind2=' ' tag='338'><subfield code='a'>volume</subfield><subfield code='2'>rdacarrier</subfield></datafield><datafield ind1=' ' ind2=' ' tag='504'><subfield code='a'>Includes bibliographical references and index.</subfield></datafield><datafield ind1=' ' ind2='0' tag='650'><subfield code='a'>Novelists, English</subfield><subfield code='y'>20th century</subfield><subfield code='v'>Biography.</subfield><subfield code='0'>http://id.loc.gov/authorities/subjects/sh2008108344</subfield></datafield><datafield ind1=' ' ind2='0' tag='650'><subfield code='a'>Novelists, American</subfield><subfield code='y'>20th century</subfield><subfield code='v'>Biography.</subfield><subfield code='0'>http://id.loc.gov/authorities/subjects/sh2008108453</subfield></datafield><datafield ind1=' ' ind2='0' tag='651'><subfield code='a'>Kent (England)</subfield><subfield code='v'>Biography.</subfield></datafield><datafield ind1=' ' ind2='0' tag='651'><subfield code='a'>East Sussex (England)</subfield><subfield code='v'>Biography.</subfield></datafield><datafield ind1=' ' ind2='0' tag='650'><subfield code='a'>Authorship</subfield><subfield code='x'>Collaboration.</subfield><subfield code='0'>http://id.loc.gov/authorities/subjects/sh85010032</subfield></datafield><datafield ind1='0' ind2='0' tag='852'><subfield code='h'>PR105 .D4</subfield><subfield code='0'>2163693</subfield><subfield code='b'>scsbcul</subfield></datafield><datafield ind1=' ' ind2=' ' tag='876'><subfield code='0'>2163693</subfield><subfield code='a'>3335104</subfield><subfield code='h'> </subfield><subfield code='j'>Available</subfield><subfield code='p'>CU01232134</subfield><subfield code='t'>1</subfield><subfield code='x'>Shared</subfield><subfield code='z'>CU</subfield><subfield code='l'>RECAP</subfield></datafield></record>