
<record><leader>01414cam a2200313Ia 4500</leader><controlfield tag='001'>SCSB-11089603</controlfield><controlfield tag='005'>20041130101604.0</controlfield><controlfield tag='008'>030317s2003    sa abcj  b    000 0ceng d</controlfield><controlfield tag='009'>990092234160203941</controlfield><datafield ind1=' ' ind2=' ' tag='015'><subfield code='a'>GBA3-X1671</subfield></datafield><datafield ind1=' ' ind2=' ' tag='020'><subfield code='a'>079570139X</subfield></datafield><datafield ind1=' ' ind2=' ' tag='035'><subfield code='a'>(OCoLC)51863726</subfield><subfield code='z'>(OCoLC)1409319588</subfield></datafield><datafield ind1=' ' ind2=' ' tag='040'><subfield code='a'>OI@</subfield><subfield code='c'>OI@</subfield><subfield code='d'>UKM</subfield><subfield code='d'>GZM</subfield></datafield><datafield ind1=' ' ind2=' ' tag='043'><subfield code='a'>f-sa---</subfield></datafield><datafield ind1='0' ind2='0' tag='050'><subfield code='a'>CT1927</subfield><subfield code='b'>.F33 2003</subfield></datafield><datafield ind1='0' ind2='4' tag='082'><subfield code='a'>968.050922</subfield><subfield code='2'>21</subfield></datafield><datafield ind1=' ' ind2=' ' tag='090'><subfield code='a'>CS1599.A2</subfield><subfield code='b'>G76 2003</subfield></datafield><datafield ind1='0' ind2='0' tag='245'><subfield code='a'>Group portrait South Africa :</subfield><subfield code='b'>nine family histories /</subfield><subfield code='c'>compiled by Paul Faber ; edited by Annari van der Merwe and Paul Faber, [foreword by Nelson Mandela].</subfield></datafield><datafield ind1=' ' ind2=' ' tag='250'><subfield code='a'>1st ed.</subfield></datafield><datafield ind1=' ' ind2=' ' tag='260'><subfield code='a'>Cape Town :</subfield><subfield code='b'>Kwela Books ;</subfield><subfield code='a'>Amsterdam :</subfield><subfield code='b'>KIT Publishers,</subfield><subfield code='c'>2003.</subfield></datafield><datafield ind1=' ' ind2=' ' tag='300'><subfield code='a'>240 p. :</subfield><subfield code='b'>ill. (some col.), geneal. tables, maps, ports. ;</subfield><subfield code='c'>33 cm.</subfield></datafield><datafield ind1=' ' ind2=' ' tag='504'><subfield code='a'>Includes bibliographical references.</subfield></datafield><datafield ind1='0' ind2=' ' tag='505'><subfield code='a'>The Mthethwa family / Robert Papini &amp; Sibongiseni Mkhize -- The Nunn family / Elsabé Brink -- The Rathebe family / Dumisane Ntshangase &amp; Derrick Thema -- The Plaatje family / Steve Lebelo -- The Steyn family / Sonja Loots -- The Le Fleur family / Henry Bredekamp -- The Manuel family / Rayda Jacobs -- The Galada family / Bongani Mgijima &amp; Carohn Cornell -- The Juggernath family / Shamin Meer.</subfield></datafield><datafield ind1=' ' ind2='0' tag='651'><subfield code='a'>South Africa</subfield><subfield code='v'>Genealogy</subfield></datafield><datafield ind1=' ' ind2='0' tag='651'><subfield code='a'>South Africa</subfield><subfield code='v'>Biography.</subfield></datafield><datafield ind1=' ' ind2='0' tag='651'><subfield code='a'>South Africa</subfield><subfield code='v'>Genealogy</subfield><subfield code='v'>Pictorial works.</subfield></datafield><datafield ind1=' ' ind2='0' tag='651'><subfield code='a'>South Africa</subfield><subfield code='v'>Biography</subfield><subfield code='v'>Pictorial works.</subfield></datafield><datafield ind1='1' ind2='7' tag='600'><subfield code='a'>Mthethwa,</subfield><subfield code='c'>fam.</subfield><subfield code='0'>(NL-LeOCL)265248833</subfield><subfield code='2'>nta</subfield></datafield><datafield ind1='1' ind2='7' tag='600'><subfield code='a'>Nunn,</subfield><subfield code='c'>fam.</subfield><subfield code='0'>(NL-LeOCL)265248884</subfield><subfield code='2'>nta</subfield></datafield><datafield ind1='1' ind2='7' tag='600'><subfield code='a'>Rathebe,</subfield><subfield code='c'>fam.</subfield><subfield code='0'>(NL-LeOCL)265248957</subfield><subfield code='2'>nta</subfield></datafield><datafield ind1='1' ind2='7' tag='600'><subfield code='a'>Plaatje,</subfield><subfield code='c'>fam.</subfield><subfield code='0'>(NL-LeOCL)265248981</subfield><subfield code='2'>nta</subfield></datafield><datafield ind1='1' ind2='7' tag='600'><subfield code='a'>Steyn,</subfield><subfield code='c'>fam.</subfield><subfield code='0'>(NL-LeOCL)265249082</subfield><subfield code='2'>nta</subfield></datafield><datafield ind1='1' ind2='7' tag='600'><subfield code='a'>Le Fleur,</subfield><subfield code='c'>fam.</subfield><subfield code='0'>(NL-LeOCL)265249198</subfield><subfield code='2'>nta</subfield></datafield><datafield ind1='1' ind2='7' tag='600'><subfield code='a'>Manuel,</subfield><subfield code='c'>fam.</subfield><subfield code='0'>(NL-LeOCL)265249325</subfield><subfield code='2'>nta</subfield></datafield><datafield ind1='1' ind2='7' tag='600'><subfield code='a'>Galada,</subfield><subfield code='c'>fam.</subfield><subfield code='0'>(NL-LeOCL)265249333</subfield><subfield code='2'>nta</subfield></datafield><datafield ind1='1' ind2='7' tag='600'><subfield code='a'>Juggernath,</subfield><subfield code='c'>fam.</subfield><subfield code='0'>(NL-LeOCL)265249384</subfield><subfield code='2'>nta</subfield></datafield><datafield ind1=' ' ind2='7' tag='648'><subfield code='a'>Geschichte.</subfield><subfield code='2'>swd</subfield></datafield><datafield ind1=' ' ind2='7' tag='655'><subfield code='a'>Biographies</subfield><subfield code='2'>fast</subfield><subfield code='0'>(OCoLC)fst01919896</subfield></datafield><datafield ind1=' ' ind2='7' tag='655'><subfield code='a'>Biographies (form)</subfield><subfield code='0'>(NL-LeOCL)088141799</subfield><subfield code='2'>gtt</subfield></datafield><datafield ind1=' ' ind2='7' tag='655'><subfield code='a'>History (form)</subfield><subfield code='0'>(NL-LeOCL)088143147</subfield><subfield code='2'>gtt</subfield></datafield><datafield ind1=' ' ind2='7' tag='655'><subfield code='a'>Anthologie.</subfield><subfield code='2'>swd</subfield></datafield><datafield ind1='1' ind2=' ' tag='700'><subfield code='a'>Faber, Paul</subfield></datafield><datafield ind1='1' ind2=' ' tag='700'><subfield code='a'>Van der Merwe, Annari,</subfield><subfield code='d'>1949-</subfield></datafield><datafield ind1=' ' ind2=' ' tag='901'><subfield code='a'>4822a135-1465-4255-972a-e44f2ca5ee86</subfield><subfield code='b'>25</subfield><subfield code='c'>false</subfield></datafield><datafield ind1='0' ind2=' ' tag='852'><subfield code='c'>HD</subfield><subfield code='h'>CS1599.A2</subfield><subfield code='i'>G76 2003</subfield><subfield code='m'>F</subfield><subfield code='0'>11888155</subfield><subfield code='b'>scsbhl</subfield></datafield><datafield ind1=' ' ind2=' ' tag='876'><subfield code='0'>11888155</subfield><subfield code='a'>17644404</subfield><subfield code='h'> </subfield><subfield code='j'>Available</subfield><subfield code='k'>WID</subfield><subfield code='p'>HXSCD3</subfield><subfield code='x'>Open</subfield><subfield code='z'>HW</subfield><subfield code='l'>HD</subfield></datafield></record>