
<record><leader>01042cam a2200337   4500</leader><controlfield tag='001'>SCSB-2795167</controlfield><controlfield tag='003'>NNC</controlfield><controlfield tag='005'>20220526030152.0</controlfield><controlfield tag='008'>720921s1973    nyu           000 1 eng  </controlfield><controlfield tag='009'>870331</controlfield><datafield ind1=' ' ind2=' ' tag='010'><subfield code='a'>   72008835 </subfield></datafield><datafield ind1=' ' ind2=' ' tag='020'><subfield code='a'>0070064237</subfield></datafield><datafield ind1=' ' ind2=' ' tag='035'><subfield code='a'>(OCoLC)ocm00446179</subfield></datafield><datafield ind1=' ' ind2=' ' tag='035'><subfield code='9'>AES3853CU</subfield></datafield><datafield ind1=' ' ind2=' ' tag='035'><subfield code='a'>(NNC)870331</subfield></datafield><datafield ind1=' ' ind2=' ' tag='035'><subfield code='a'>870331</subfield></datafield><datafield ind1=' ' ind2=' ' tag='040'><subfield code='a'>DLC</subfield><subfield code='c'>DLC</subfield><subfield code='d'>m.c.</subfield><subfield code='d'>ZCU</subfield></datafield><datafield ind1='1' ind2=' ' tag='041'><subfield code='a'>engger</subfield></datafield><datafield ind1='0' ind2='0' tag='050'><subfield code='a'>PZ4.B6713</subfield><subfield code='b'>Gr</subfield><subfield code='a'>PT2603.O394</subfield></datafield><datafield ind1='0' ind2=' ' tag='082'><subfield code='a'>833/.9/14</subfield></datafield><datafield ind1=' ' ind2=' ' tag='090'><subfield code='a'>PT2603.O394</subfield><subfield code='b'>G713</subfield></datafield><datafield ind1='1' ind2=' ' tag='100'><subfield code='a'>Böll, Heinrich,</subfield><subfield code='d'>1917-1985.</subfield><subfield code='0'>http://id.loc.gov/authorities/names/n79100649</subfield></datafield><datafield ind1='1' ind2='0' tag='240'><subfield code='a'>Gruppenbild mit Dame.</subfield><subfield code='l'>English</subfield><subfield code='0'>http://id.loc.gov/authorities/names/no99035636</subfield></datafield><datafield ind1='1' ind2='0' tag='245'><subfield code='a'>Group portrait with lady /</subfield><subfield code='c'>Translated from the German by Leila Vennewitz.</subfield></datafield><datafield ind1=' ' ind2=' ' tag='260'><subfield code='a'>New York :</subfield><subfield code='b'>McGraw-Hill,</subfield><subfield code='c'>[1973]</subfield></datafield><datafield ind1=' ' ind2=' ' tag='300'><subfield code='a'>405 pages ;</subfield><subfield code='c'>24 cm</subfield></datafield><datafield ind1=' ' ind2=' ' tag='336'><subfield code='a'>text</subfield><subfield code='2'>rdacontent</subfield></datafield><datafield ind1=' ' ind2=' ' tag='337'><subfield code='a'>unmediated</subfield><subfield code='2'>rdamedia</subfield></datafield><datafield ind1=' ' ind2=' ' tag='338'><subfield code='a'>volume</subfield><subfield code='2'>rdacarrier</subfield></datafield><datafield ind1=' ' ind2=' ' tag='500'><subfield code='a'>Translation of Gruppenbild mit Dame.</subfield></datafield><datafield ind1='0' ind2='0' tag='852'><subfield code='h'>PT2603.O394 G713</subfield><subfield code='0'>2771686</subfield><subfield code='b'>scsbcul</subfield></datafield><datafield ind1=' ' ind2=' ' tag='876'><subfield code='0'>2771686</subfield><subfield code='a'>4400415</subfield><subfield code='h'> </subfield><subfield code='j'>Available</subfield><subfield code='p'>CU63780488</subfield><subfield code='t'>1</subfield><subfield code='x'>Shared</subfield><subfield code='z'>CU</subfield><subfield code='l'>RECAP</subfield></datafield></record>