
<record><leader>00000cam a2200373Ia 4500</leader><controlfield tag='001'>SCSB-10266760</controlfield><controlfield tag='005'>20080118130935.0</controlfield><controlfield tag='008'>060728s2006    ne a     b    000 0 eng d</controlfield><controlfield tag='009'>990100774490203941</controlfield><datafield ind1=' ' ind2=' ' tag='020'><subfield code='a'>9040091463 (hd.bd.)</subfield></datafield><datafield ind1=' ' ind2=' ' tag='020'><subfield code='a'>9789040091469 (hd.bd.)</subfield></datafield><datafield ind1=' ' ind2=' ' tag='035'><subfield code='a'>(OCoLC)70779276</subfield><subfield code='z'>(OCoLC)1008515689</subfield></datafield><datafield ind1=' ' ind2=' ' tag='040'><subfield code='a'>OHX</subfield><subfield code='c'>OHX</subfield><subfield code='d'>BAKER</subfield><subfield code='d'>OI@</subfield><subfield code='d'>OCLCQ</subfield><subfield code='d'>OI@</subfield><subfield code='d'>YDXCP</subfield><subfield code='d'>PIT</subfield><subfield code='d'>SUC</subfield><subfield code='d'>IXA</subfield><subfield code='d'>BTCTA</subfield></datafield><datafield ind1=' ' ind2='4' tag='050'><subfield code='a'>ND653.R4</subfield><subfield code='b'>K48 2006</subfield></datafield><datafield ind1=' ' ind2='7' tag='072'><subfield code='a'>ND</subfield><subfield code='2'>lcco</subfield></datafield><datafield ind1='0' ind2='4' tag='082'><subfield code='a'>757.6</subfield><subfield code='2'>22</subfield></datafield><datafield ind1='1' ind2=' ' tag='100'><subfield code='a'>Kettering, Alison McNeil,</subfield><subfield code='d'>1943-</subfield></datafield><datafield ind1='1' ind2='0' tag='245'><subfield code='a'>Rembrandt&apos;s group portraits /</subfield><subfield code='c'>Alison McNeil Kettering.</subfield></datafield><datafield ind1=' ' ind2=' ' tag='260'><subfield code='a'>Zwolle :</subfield><subfield code='b'>Uitgeverij Waanders,</subfield><subfield code='c'>2006.</subfield></datafield><datafield ind1=' ' ind2=' ' tag='300'><subfield code='a'>48 p. :</subfield><subfield code='b'>35 ill. (chiefly col.) ;</subfield><subfield code='c'>23 x 23 cm.</subfield></datafield><datafield ind1=' ' ind2=' ' tag='504'><subfield code='a'>Includes bibliographical references (p. 46-47).</subfield></datafield><datafield ind1='1' ind2=' ' tag='520'><subfield code='a'>&quot;During his life Rembrandt painted four group portraits, which have all become world famous. One was lost in a fire in the eighteenth century. However, the greater part of the work survived and can also be seen in this richly illustrated compact publication. In the seventeenth century a guild would often commission a group portrait. At that time the Netherlands was at the height of its prosperity and it added to a person&apos;s status to be a member of a guild. An important Dutchman like Frans Banning Cocq or Nicolaes Tulp could gain even more prestige by having a portrait painted of himself in the midst of the group to which he belonged - for instance by an artist like Rembrandt, who was famous even then. Because of his exceptional working method, these paintings are not only splendid portraits, but also historical depictions of the guilds of the seventeenth century.&quot; &quot;Rembrandt&apos;s Group Portraits shows all these well-known works and also devotes attention to Rembrandt&apos;s working method in comparison with that of his contemporaries, and to the creation of his group portraits.&quot;--BOOK JACKET.</subfield></datafield><datafield ind1='0' ind2='0' tag='600'><subfield code='a'>Rembrandt Harmenszoon van Rijn,</subfield><subfield code='d'>1606-1669</subfield><subfield code='x'>Criticism and interpretation.</subfield></datafield><datafield ind1='0' ind2='0' tag='600'><subfield code='a'>Rembrandt Harmenszoon van Rijn,</subfield><subfield code='d'>1606-1669</subfield><subfield code='x'>Themes, motives.</subfield></datafield><datafield ind1=' ' ind2='0' tag='650'><subfield code='a'>Portraits, Group</subfield><subfield code='z'>Netherlands.</subfield></datafield><datafield ind1=' ' ind2='7' tag='655'><subfield code='a'>Criticism, interpretation, etc.</subfield><subfield code='2'>fast</subfield><subfield code='0'>(OCoLC)fst01411635</subfield></datafield><datafield ind1=' ' ind2='7' tag='655'><subfield code='a'>Portraits</subfield><subfield code='2'>fast</subfield><subfield code='0'>(OCoLC)fst01423831</subfield></datafield><datafield ind1='0' ind2=' ' tag='700'><subfield code='a'>Rembrandt Harmenszoon van Rijn,</subfield><subfield code='d'>1606-1669</subfield></datafield><datafield ind1='0' ind2='8' tag='776'><subfield code='i'>Online version:</subfield><subfield code='a'>Kettering, Alison McNeil, 1943-</subfield><subfield code='t'>Rembrandt&apos;s group portraits.</subfield><subfield code='d'>Zwolle : Uitgeverij Waanders, 2006</subfield><subfield code='w'>(OCoLC)607783800</subfield></datafield><datafield ind1='1' ind2=' ' tag='583'><subfield code='a'>committed to retain</subfield><subfield code='c'>20181001</subfield><subfield code='d'>in perpetuity</subfield><subfield code='f'>ReCAP Shared Collection</subfield><subfield code='5'>HUL</subfield><subfield code='8'>222098785260003941</subfield></datafield><datafield ind1='0' ind2=' ' tag='852'><subfield code='c'>HD</subfield><subfield code='h'>ND653.R4</subfield><subfield code='i'>K48 2006</subfield><subfield code='0'>11030891</subfield><subfield code='b'>scsbhl</subfield></datafield><datafield ind1=' ' ind2=' ' tag='876'><subfield code='0'>11030891</subfield><subfield code='a'>16746964</subfield><subfield code='h'> </subfield><subfield code='j'>Available</subfield><subfield code='k'>FAL</subfield><subfield code='p'>32044117851337</subfield><subfield code='x'>Shared</subfield><subfield code='z'>FL</subfield><subfield code='l'>HD</subfield></datafield></record>