
<record><leader>01137cam a2200349   4500</leader><controlfield tag='001'>SCSB-2833980</controlfield><controlfield tag='003'>NNC</controlfield><controlfield tag='005'>20220526042755.0</controlfield><controlfield tag='008'>760211s1967    xx            000 0 spa  </controlfield><controlfield tag='009'>936463</controlfield><datafield ind1=' ' ind2=' ' tag='010'><subfield code='a'>   67125161 </subfield></datafield><datafield ind1=' ' ind2=' ' tag='035'><subfield code='a'>(OCoLC)ocm01983185</subfield></datafield><datafield ind1=' ' ind2=' ' tag='035'><subfield code='9'>AFD1320CU</subfield></datafield><datafield ind1=' ' ind2=' ' tag='035'><subfield code='a'>(NNC)936463</subfield></datafield><datafield ind1=' ' ind2=' ' tag='035'><subfield code='a'>936463</subfield></datafield><datafield ind1=' ' ind2=' ' tag='040'><subfield code='a'>DLC</subfield><subfield code='c'>OSU</subfield><subfield code='d'>RQO</subfield></datafield><datafield ind1=' ' ind2=' ' tag='043'><subfield code='a'>ncnq---</subfield></datafield><datafield ind1=' ' ind2='0' tag='050'><subfield code='a'>F1523</subfield><subfield code='b'>.S25</subfield></datafield><datafield ind1='0' ind2=' ' tag='082'><subfield code='a'>917.285</subfield></datafield><datafield ind1='1' ind2=' ' tag='100'><subfield code='a'>Sánchez, Milton.</subfield></datafield><datafield ind1='1' ind2='0' tag='245'><subfield code='a'>Nicaragua.</subfield></datafield><datafield ind1=' ' ind2=' ' tag='260'><subfield code='a'>La Habana :</subfield><subfield code='b'>Centro de Documentación Juan F. Noyola, Casa de las Américas,</subfield><subfield code='c'>1967.</subfield></datafield><datafield ind1=' ' ind2=' ' tag='300'><subfield code='a'>52 pages, 27 unnumbered pages :</subfield><subfield code='b'>illustrations, map, music, portrait ;</subfield><subfield code='c'>24 cm.</subfield></datafield><datafield ind1=' ' ind2=' ' tag='336'><subfield code='a'>text</subfield><subfield code='2'>rdacontent</subfield></datafield><datafield ind1=' ' ind2=' ' tag='337'><subfield code='a'>unmediated</subfield><subfield code='2'>rdamedia</subfield></datafield><datafield ind1=' ' ind2=' ' tag='338'><subfield code='a'>volume</subfield><subfield code='2'>rdacarrier</subfield></datafield><datafield ind1='1' ind2=' ' tag='490'><subfield code='a'>Colección Nuestros países</subfield></datafield><datafield ind1=' ' ind2=' ' tag='500'><subfield code='a'>&quot;Himno nacional de Nicaragua&quot; (words and music): p. [71]-[73]</subfield></datafield><datafield ind1=' ' ind2=' ' tag='504'><subfield code='a'>Bibliography: p. [75]</subfield></datafield><datafield ind1=' ' ind2='0' tag='651'><subfield code='a'>Nicaragua.</subfield><subfield code='0'>http://id.loc.gov/authorities/names/n80009698</subfield></datafield><datafield ind1=' ' ind2='0' tag='830'><subfield code='a'>Colección Nuestros países.</subfield><subfield code='0'>http://id.loc.gov/authorities/names/no2005117923</subfield></datafield><datafield ind1=' ' ind2=' ' tag='901'><subfield code='a'>4de1d4bb-999e-493c-9fa7-d098f3078bc1</subfield><subfield code='b'>13</subfield><subfield code='c'>false</subfield></datafield><datafield ind1='0' ind2='0' tag='852'><subfield code='h'>F1523 .S25</subfield><subfield code='0'>2811133</subfield><subfield code='b'>scsbcul</subfield></datafield><datafield ind1=' ' ind2=' ' tag='876'><subfield code='0'>2811133</subfield><subfield code='a'>4447181</subfield><subfield code='h'> </subfield><subfield code='j'>Available</subfield><subfield code='p'>CU54050642</subfield><subfield code='t'>1</subfield><subfield code='x'>Open</subfield><subfield code='z'>CU</subfield><subfield code='l'>RECAP</subfield></datafield></record>