
<record><leader>01488cam a2200325   4500</leader><controlfield tag='001'>SCSB-3936823</controlfield><controlfield tag='003'>NNC</controlfield><controlfield tag='005'>20221012221706.0</controlfield><controlfield tag='008'>790309s1915    enkab         000 0 eng  </controlfield><controlfield tag='009'>2682197</controlfield><datafield ind1=' ' ind2=' ' tag='010'><subfield code='a'>   16008244 </subfield></datafield><datafield ind1=' ' ind2=' ' tag='035'><subfield code='a'>(OCoLC)ocm04729533</subfield></datafield><datafield ind1=' ' ind2=' ' tag='035'><subfield code='9'>ARD1630CU</subfield></datafield><datafield ind1=' ' ind2=' ' tag='035'><subfield code='a'>(NNC)2682197</subfield></datafield><datafield ind1=' ' ind2=' ' tag='035'><subfield code='a'>2682197</subfield></datafield><datafield ind1=' ' ind2=' ' tag='040'><subfield code='a'>DLC</subfield><subfield code='c'>AQM</subfield><subfield code='d'>OCL</subfield><subfield code='d'>ZCU</subfield></datafield><datafield ind1=' ' ind2=' ' tag='043'><subfield code='a'>r------</subfield></datafield><datafield ind1=' ' ind2='0' tag='050'><subfield code='a'>G639.A4</subfield></datafield><datafield ind1=' ' ind2=' ' tag='099'><subfield code='a'>998</subfield><subfield code='a'>Al27</subfield></datafield><datafield ind1='1' ind2=' ' tag='100'><subfield code='a'>Alexander, Philip F.</subfield><subfield code='q'>(Philip Frederick)</subfield><subfield code='0'>http://id.loc.gov/authorities/names/no2012073555</subfield></datafield><datafield ind1='1' ind2='4' tag='245'><subfield code='a'>The North-west and North-east passages 1576-1611 /</subfield><subfield code='c'>edited by Philip F. Alexander, ...</subfield></datafield><datafield ind1=' ' ind2=' ' tag='260'><subfield code='a'>Cambridge [Eng.] :</subfield><subfield code='b'>University Press,</subfield><subfield code='c'>1915.</subfield></datafield><datafield ind1=' ' ind2=' ' tag='300'><subfield code='a'>xix, 211 pages :</subfield><subfield code='b'>frontispiece, illustrations (including maps) ;</subfield><subfield code='c'>21 cm</subfield></datafield><datafield ind1=' ' ind2=' ' tag='336'><subfield code='a'>text</subfield><subfield code='b'>txt</subfield><subfield code='2'>rdacontent</subfield></datafield><datafield ind1=' ' ind2=' ' tag='337'><subfield code='a'>unmediated</subfield><subfield code='b'>n</subfield><subfield code='2'>rdamedia</subfield></datafield><datafield ind1=' ' ind2=' ' tag='500'><subfield code='a'>Half-title: Cambridge travel books.</subfield></datafield><datafield ind1='0' ind2=' ' tag='505'><subfield code='a'>Introduction.--Some important dates in the history of discovery.--The North-west passage* Frobisher, First voyage (1576) Frobisher, Second voyage (1577) Davis, First voayge (1585) Davis, Second voyage (1586) Davis, Third voyage (1587) Hudson, Last voyage (1610)--The North-east passage: Barents, Third voyage (159) Appendix to the third voyage of Barents.--Notes.</subfield></datafield><datafield ind1=' ' ind2='0' tag='651'><subfield code='a'>Northwest Passage.</subfield><subfield code='0'>http://id.loc.gov/authorities/subjects/sh85092611</subfield></datafield><datafield ind1=' ' ind2='0' tag='651'><subfield code='a'>Northeast Passage.</subfield><subfield code='0'>http://id.loc.gov/authorities/subjects/sh85092540</subfield></datafield><datafield ind1=' ' ind2=' ' tag='901'><subfield code='a'>aa79a225-790d-48ae-af79-ac224785c4a9</subfield><subfield code='b'>13</subfield><subfield code='c'>false</subfield></datafield><datafield ind1='8' ind2='0' tag='852'><subfield code='h'>998 Al27</subfield><subfield code='0'>3946673</subfield><subfield code='b'>scsbcul</subfield></datafield><datafield ind1=' ' ind2=' ' tag='876'><subfield code='0'>3946673</subfield><subfield code='a'>5760516</subfield><subfield code='h'> </subfield><subfield code='j'>Available</subfield><subfield code='p'>CU54390842</subfield><subfield code='t'>1</subfield><subfield code='x'>Shared</subfield><subfield code='z'>CU</subfield><subfield code='l'>RECAP</subfield></datafield></record>