
<record><leader>01745cam a2200385I  4500</leader><controlfield tag='001'>SCSB-7988180</controlfield><controlfield tag='003'>OCoLC</controlfield><controlfield tag='005'>20000629185646.0</controlfield><controlfield tag='008'>790309s1915    enkab         000 0 eng  </controlfield><controlfield tag='009'>.b130339611</controlfield><datafield ind1=' ' ind2=' ' tag='010'><subfield code='a'>16008244</subfield></datafield><datafield ind1=' ' ind2=' ' tag='040'><subfield code='a'>DLC</subfield><subfield code='c'>AQM</subfield><subfield code='d'>OCL</subfield><subfield code='d'>NYP</subfield><subfield code='d'>WaOLN</subfield></datafield><datafield ind1=' ' ind2=' ' tag='049'><subfield code='a'>NYPG</subfield></datafield><datafield ind1=' ' ind2='0' tag='050'><subfield code='a'>G639.A4</subfield></datafield><datafield ind1='1' ind2=' ' tag='100'><subfield code='a'>Alexander, Philip Frederick.</subfield></datafield><datafield ind1='1' ind2='4' tag='245'><subfield code='a'>The North-west and North-east passages 1576-1611,</subfield><subfield code='c'>edited by Philip F. Alexander, ...</subfield></datafield><datafield ind1=' ' ind2=' ' tag='260'><subfield code='a'>Cambridge [Eng.]</subfield><subfield code='b'>University Press,</subfield><subfield code='c'>1915.</subfield></datafield><datafield ind1=' ' ind2=' ' tag='300'><subfield code='a'>xix, 211 p.</subfield><subfield code='b'>front., illus. (incl. maps)</subfield><subfield code='c'>21 cm.</subfield></datafield><datafield ind1='0' ind2=' ' tag='490'><subfield code='a'>Cambridge travel books</subfield></datafield><datafield ind1=' ' ind2=' ' tag='500'><subfield code='a'>Half-title: Cambridge travel books.</subfield></datafield><datafield ind1='0' ind2=' ' tag='505'><subfield code='a'>Introduction.--Some important dates in the history of discovery.--The North-west passage* Frobisher, First voyage (1576) Frobisher, Second voyage (1577) Davis, First voyage (1585) Davis, Second voyage (1586) Davis, Third voyage (1587) Hudson, Last voyage (1610)--The North-east passage: Barents, Third voyage (159) Appendix to the third voyage of Barents.--Notes.</subfield></datafield><datafield ind1=' ' ind2='0' tag='651'><subfield code='a'>Northwest Passage.</subfield></datafield><datafield ind1=' ' ind2='0' tag='651'><subfield code='a'>Northeast Passage.</subfield></datafield><datafield ind1='1' ind2=' ' tag='700'><subfield code='a'>Frobisher, Martin,</subfield><subfield code='c'>Sir,</subfield><subfield code='d'>approximately 1535-1594.</subfield></datafield><datafield ind1='1' ind2=' ' tag='700'><subfield code='a'>Davis, John,</subfield><subfield code='d'>1550?-1605.</subfield></datafield><datafield ind1='1' ind2=' ' tag='700'><subfield code='a'>Hudson, Henry,</subfield><subfield code='d'>-1611.</subfield></datafield><datafield ind1='1' ind2=' ' tag='700'><subfield code='a'>Barentsz, Willem,</subfield><subfield code='d'>approximately 1550-1597.</subfield></datafield><datafield ind1='1' ind2=' ' tag='700'><subfield code='a'>Best, George,</subfield><subfield code='d'>-1584.</subfield></datafield><datafield ind1='1' ind2=' ' tag='700'><subfield code='a'>Jane, John.</subfield></datafield><datafield ind1='1' ind2=' ' tag='700'><subfield code='a'>Prickett, Abacuck.</subfield></datafield><datafield ind1='1' ind2=' ' tag='700'><subfield code='a'>Veer, Gerrit de.</subfield></datafield><datafield ind1=' ' ind2=' ' tag='907'><subfield code='a'>.b130339611</subfield><subfield code='c'>m</subfield><subfield code='d'>a</subfield><subfield code='e'>-</subfield><subfield code='f'>eng</subfield><subfield code='g'>enk</subfield><subfield code='h'>4</subfield><subfield code='i'>1</subfield></datafield><datafield ind1=' ' ind2=' ' tag='035'><subfield code='a'>(OCoLC)4729533</subfield></datafield><datafield ind1=' ' ind2=' ' tag='901'><subfield code='a'>aa79a225-790d-48ae-af79-ac224785c4a9</subfield><subfield code='b'>13</subfield><subfield code='c'>false</subfield></datafield><datafield ind1='8' ind2=' ' tag='852'><subfield code='h'>KBN (Alexander, P. F. North-West and North-East passages)</subfield><subfield code='0'>8131008</subfield><subfield code='b'>scsbnypl</subfield></datafield><datafield ind1=' ' ind2=' ' tag='876'><subfield code='0'>8131008</subfield><subfield code='a'>13372377</subfield><subfield code='j'>Available</subfield><subfield code='p'>33433000639686</subfield><subfield code='t'>1</subfield><subfield code='x'>Open</subfield><subfield code='z'>NA</subfield><subfield code='l'>RECAP</subfield></datafield></record>