
<record><leader>00861nam a2200277   4500</leader><controlfield tag='001'>SCSB-10806102</controlfield><controlfield tag='005'>20020606093309.7</controlfield><controlfield tag='008'>700216r19691681enkc     b    000 0 eng  </controlfield><controlfield tag='009'>990033411090203941</controlfield><datafield ind1=' ' ind2=' ' tag='010'><subfield code='a'>^^^72441857^</subfield></datafield><datafield ind1=' ' ind2=' ' tag='015'><subfield code='a'>B69-20209</subfield></datafield><datafield ind1=' ' ind2=' ' tag='020'><subfield code='a'>0854170863</subfield></datafield><datafield ind1=' ' ind2=' ' tag='035'><subfield code='a'>(OCoLC)56498</subfield></datafield><datafield ind1=' ' ind2=' ' tag='040'><subfield code='a'>DLC</subfield><subfield code='c'>DLC</subfield><subfield code='d'>m.c.</subfield><subfield code='d'>HLS</subfield></datafield><datafield ind1='0' ind2=' ' tag='050'><subfield code='a'>PR3546</subfield><subfield code='b'>.A1 1681a</subfield></datafield><datafield ind1=' ' ind2=' ' tag='082'><subfield code='a'>821/.4</subfield></datafield><datafield ind1='1' ind2=' ' tag='100'><subfield code='a'>Marvell, Andrew,</subfield><subfield code='d'>1621-1678</subfield></datafield><datafield ind1='0' ind2='0' tag='245'><subfield code='a'>Miscellaneous poems, 1681</subfield><subfield code='c'>[edited by Mary Marvell].</subfield></datafield><datafield ind1=' ' ind2=' ' tag='260'><subfield code='a'>Menston,</subfield><subfield code='b'>Scolar P.,</subfield><subfield code='c'>1969.</subfield></datafield><datafield ind1=' ' ind2=' ' tag='300'><subfield code='a'>[9], 114, [30] p.</subfield><subfield code='b'>port.</subfield><subfield code='c'>32 cm.</subfield></datafield><datafield ind1=' ' ind2=' ' tag='500'><subfield code='a'>&quot;A Scolar Press facsimile.&quot;</subfield></datafield><datafield ind1=' ' ind2=' ' tag='500'><subfield code='a'>Facsimile reprint of 1st ed., London, R. Boulter, 1681.</subfield></datafield><datafield ind1=' ' ind2=' ' tag='504'><subfield code='a'>Bibliographical references included in &quot;Note&quot;: p. [iii]</subfield></datafield><datafield ind1='1' ind2=' ' tag='583'><subfield code='a'>committed to retain</subfield><subfield code='c'>20181001</subfield><subfield code='d'>in perpetuity</subfield><subfield code='f'>ReCAP Shared Collection</subfield><subfield code='5'>HUL</subfield><subfield code='8'>221889260970003941</subfield></datafield><datafield ind1='7' ind2=' ' tag='852'><subfield code='2'>ZHCL</subfield><subfield code='c'>HD</subfield><subfield code='h'>15463.54.10.2</subfield><subfield code='m'>F</subfield><subfield code='8'>221889260970003941</subfield><subfield code='0'>11596263</subfield><subfield code='b'>scsbhl</subfield></datafield><datafield ind1=' ' ind2=' ' tag='876'><subfield code='0'>11596263</subfield><subfield code='a'>17340883</subfield><subfield code='j'>Available</subfield><subfield code='k'>WID</subfield><subfield code='p'>32044086910213</subfield><subfield code='x'>Shared</subfield><subfield code='z'>HW</subfield><subfield code='l'>HD</subfield></datafield></record>