
<record><leader>01548cam a2200397   4500</leader><controlfield tag='001'>SCSB-2593661</controlfield><controlfield tag='003'>NNC</controlfield><controlfield tag='005'>20220525205936.0</controlfield><controlfield tag='008'>871105t19721972ohua   j      000 1 eng  </controlfield><controlfield tag='009'>607760</controlfield><datafield ind1=' ' ind2=' ' tag='010'><subfield code='a'>   77150221 </subfield></datafield><datafield ind1=' ' ind2=' ' tag='020'><subfield code='a'>081420158X</subfield></datafield><datafield ind1=' ' ind2=' ' tag='035'><subfield code='a'>(OCoLC)594873</subfield></datafield><datafield ind1=' ' ind2=' ' tag='035'><subfield code='a'>(OCoLC)ocm00594873</subfield></datafield><datafield ind1=' ' ind2=' ' tag='035'><subfield code='a'>(CStRLIN)NYCG87-B87705</subfield></datafield><datafield ind1=' ' ind2=' ' tag='035'><subfield code='9'>ACR2806CU</subfield></datafield><datafield ind1=' ' ind2=' ' tag='035'><subfield code='a'>(NNC)607760</subfield></datafield><datafield ind1=' ' ind2=' ' tag='035'><subfield code='a'>607760</subfield></datafield><datafield ind1=' ' ind2=' ' tag='040'><subfield code='d'>NIC</subfield></datafield><datafield ind1='0' ind2='0' tag='050'><subfield code='a'>PS1850</subfield><subfield code='b'>.F63 vol. 7</subfield><subfield code='a'>PZ8.1</subfield></datafield><datafield ind1='0' ind2=' ' tag='082'><subfield code='a'>292</subfield></datafield><datafield ind1=' ' ind2=' ' tag='090'><subfield code='a'>PS1850</subfield><subfield code='b'>.F63 v.7</subfield></datafield><datafield ind1='1' ind2=' ' tag='100'><subfield code='a'>Hawthorne, Nathaniel,</subfield><subfield code='d'>1804-1864.</subfield><subfield code='0'>http://id.loc.gov/authorities/names/n79007728</subfield></datafield><datafield ind1='1' ind2='0' tag='240'><subfield code='a'>Wonder book for girls and boys</subfield><subfield code='0'>http://id.loc.gov/authorities/names/n94017018</subfield></datafield><datafield ind1='1' ind2='2' tag='245'><subfield code='a'>A wonder book, and Tanglewood tales /</subfield><subfield code='c'>[Fredson Bowers, textual editor.</subfield></datafield><datafield ind1=' ' ind2=' ' tag='260'><subfield code='a'>Columbus] :</subfield><subfield code='b'>Ohio State University Press,</subfield><subfield code='c'>[1972], [©1972]</subfield></datafield><datafield ind1=' ' ind2=' ' tag='300'><subfield code='a'>xi, 463 pages :</subfield><subfield code='b'>illustrations ;</subfield><subfield code='c'>25 cm.</subfield></datafield><datafield ind1=' ' ind2=' ' tag='336'><subfield code='a'>text</subfield><subfield code='2'>rdacontent</subfield></datafield><datafield ind1=' ' ind2=' ' tag='337'><subfield code='a'>unmediated</subfield><subfield code='2'>rdamedia</subfield></datafield><datafield ind1=' ' ind2=' ' tag='338'><subfield code='a'>volume</subfield><subfield code='2'>rdacarrier</subfield></datafield><datafield ind1='1' ind2=' ' tag='490'><subfield code='a'>The Centenary edition of the works of Nathaniel Hawthorne,</subfield><subfield code='v'>v. 7</subfield></datafield><datafield ind1=' ' ind2=' ' tag='520'><subfield code='a'>A collection of Greek myths retold as fairy tales.</subfield></datafield><datafield ind1=' ' ind2='0' tag='650'><subfield code='a'>Mythology, Classical</subfield><subfield code='v'>Juvenile literature.</subfield><subfield code='0'>http://id.loc.gov/authorities/subjects/sh2008108171</subfield></datafield><datafield ind1='0' ind2=' ' tag='740'><subfield code='a'>Tanglewood tales.</subfield></datafield><datafield ind1='1' ind2=' ' tag='700'><subfield code='a'>Hawthorne, Nathaniel,</subfield><subfield code='d'>1804-1864.</subfield><subfield code='t'>Tanglewood tales for girls and boys.</subfield><subfield code='f'>1972.</subfield></datafield><datafield ind1='1' ind2=' ' tag='800'><subfield code='a'>Hawthorne, Nathaniel,</subfield><subfield code='d'>1804-1864.</subfield><subfield code='t'>Works.</subfield><subfield code='f'>1962 ;</subfield><subfield code='v'>v. 7.</subfield><subfield code='0'>http://id.loc.gov/authorities/names/n42012427</subfield></datafield><datafield ind1=' ' ind2=' ' tag='901'><subfield code='a'>d72ecda5-1392-4b37-b4ec-6af752c465a3</subfield><subfield code='b'>21</subfield><subfield code='c'>false</subfield></datafield><datafield ind1='0' ind2='0' tag='852'><subfield code='h'>PS1850 .F63 v.7</subfield><subfield code='0'>2570989</subfield><subfield code='b'>scsbcul</subfield></datafield><datafield ind1=' ' ind2=' ' tag='876'><subfield code='0'>2570989</subfield><subfield code='3'>v.7</subfield><subfield code='a'>4104018</subfield><subfield code='h'> </subfield><subfield code='j'>Available</subfield><subfield code='p'>CU71481656</subfield><subfield code='t'>1</subfield><subfield code='x'>Shared</subfield><subfield code='z'>CU</subfield><subfield code='l'>RECAP</subfield></datafield></record>