
<record><leader>01054nam a2200277   4500</leader><controlfield tag='001'>SCSB-6678215</controlfield><controlfield tag='005'>20060625113831.0</controlfield><controlfield tag='008'>790512s1972       a   j      0   0 eng n</controlfield><controlfield tag='009'>.b221577348</controlfield><datafield ind1=' ' ind2=' ' tag='010'><subfield code='a'>   77150221</subfield></datafield><datafield ind1=' ' ind2=' ' tag='020'><subfield code='a'>081420158X</subfield></datafield><datafield ind1=' ' ind2=' ' tag='040'><subfield code='d'>UtOrBLW</subfield></datafield><datafield ind1=' ' ind2=' ' tag='050'><subfield code='a'>PS1850</subfield><subfield code='b'>.F63 vol. 7</subfield><subfield code='a'>PZ8.1</subfield></datafield><datafield ind1=' ' ind2=' ' tag='091'><subfield code='p'>J</subfield><subfield code='a'>292</subfield><subfield code='c'>H</subfield></datafield><datafield ind1='1' ind2=' ' tag='100'><subfield code='a'>Hawthorne, Nathaniel,</subfield><subfield code='d'>1804-1864.</subfield></datafield><datafield ind1='1' ind2='2' tag='245'><subfield code='a'>A wonder book, and Tanglewood tales.</subfield><subfield code='c'>Fredson Bowers, textual editor.</subfield></datafield><datafield ind1=' ' ind2=' ' tag='260'><subfield code='a'>[Columbus] :</subfield><subfield code='b'>Ohio State University Press,</subfield><subfield code='c'>c1972.</subfield></datafield><datafield ind1=' ' ind2=' ' tag='300'><subfield code='a'>xi, 463 p.</subfield><subfield code='b'>ill.</subfield><subfield code='c'>24 cm.</subfield></datafield><datafield ind1=' ' ind2=' ' tag='490'><subfield code='a'>(The centenary edition of the works of Nathaniel Hawthorne, v. 7. Writings for children, 2)</subfield></datafield><datafield ind1=' ' ind2=' ' tag='520'><subfield code='a'>A collection of Greek myths retold as fairy tales.</subfield></datafield><datafield ind1=' ' ind2='0' tag='650'><subfield code='a'>Mythology, Classical.</subfield></datafield><datafield ind1='1' ind2=' ' tag='700'><subfield code='a'>Bowers, Fredson.</subfield></datafield><datafield ind1='0' ind2=' ' tag='740'><subfield code='a'>Tanglewood tales.</subfield></datafield><datafield ind1=' ' ind2=' ' tag='907'><subfield code='a'>.b171050216</subfield><subfield code='c'>m</subfield><subfield code='d'>a</subfield><subfield code='e'>-</subfield><subfield code='f'>eng</subfield><subfield code='h'>2</subfield><subfield code='i'>2</subfield></datafield><datafield ind1=' ' ind2=' ' tag='901'><subfield code='a'>d72ecda5-1392-4b37-b4ec-6af752c465a3</subfield><subfield code='b'>21</subfield><subfield code='c'>false</subfield></datafield><datafield ind1='8' ind2=' ' tag='852'><subfield code='h'>ReCAP .b171050216</subfield><subfield code='0'>6759541</subfield><subfield code='b'>scsbnypl</subfield></datafield><datafield ind1=' ' ind2=' ' tag='876'><subfield code='0'>6759541</subfield><subfield code='a'>10913036</subfield><subfield code='j'>Available</subfield><subfield code='p'>33333052646052</subfield><subfield code='t'>1</subfield><subfield code='x'>Open</subfield><subfield code='z'>NH</subfield><subfield code='l'>RECAP</subfield></datafield></record>