
<record><leader>01120cam a2200277I  4500</leader><controlfield tag='001'>SCSB-7989427</controlfield><controlfield tag='003'>OCoLC</controlfield><controlfield tag='005'>20000629185811.0</controlfield><controlfield tag='008'>771116s1930    pauaf  j      001 1 eng  </controlfield><controlfield tag='009'>.b130682111</controlfield><datafield ind1=' ' ind2=' ' tag='010'><subfield code='a'>30020205</subfield></datafield><datafield ind1=' ' ind2=' ' tag='040'><subfield code='a'>DLC</subfield><subfield code='c'>IGA</subfield><subfield code='d'>SER</subfield><subfield code='d'>NYP</subfield><subfield code='d'>WaOLN</subfield></datafield><datafield ind1=' ' ind2=' ' tag='049'><subfield code='a'>NYPG</subfield></datafield><datafield ind1='0' ind2='0' tag='050'><subfield code='a'>PZ8.1.H318</subfield><subfield code='b'>W70</subfield></datafield><datafield ind1='1' ind2=' ' tag='100'><subfield code='a'>Hawthorne, Nathaniel,</subfield><subfield code='d'>1804-1864.</subfield></datafield><datafield ind1='1' ind2='2' tag='245'><subfield code='a'>A wonder book and Tanglewood tales,</subfield><subfield code='c'>by Nathaniel Hawthorne, introduction and notes by Katherine G. Carpenter, A.M., illustrated by Frederick Richardson.</subfield></datafield><datafield ind1=' ' ind2=' ' tag='260'><subfield code='a'>Philadelphia;</subfield><subfield code='a'>Chicago [etc.]</subfield><subfield code='b'>The John C. Winston Company</subfield><subfield code='c'>[c1930]</subfield></datafield><datafield ind1=' ' ind2=' ' tag='300'><subfield code='a'>xvi p., 1 ℓ., 403 p.</subfield><subfield code='b'>col. front., illus., col. plates.</subfield><subfield code='c'>22 cm.</subfield></datafield><datafield ind1=' ' ind2=' ' tag='500'><subfield code='a'>Illustrated lining-papers.</subfield></datafield><datafield ind1=' ' ind2='0' tag='650'><subfield code='a'>Mythology, Classical</subfield><subfield code='v'>Juvenile literature.</subfield></datafield><datafield ind1='1' ind2=' ' tag='700'><subfield code='a'>Carpenter, Katherine G.</subfield></datafield><datafield ind1='0' ind2=' ' tag='740'><subfield code='a'>Tanglewood tales.</subfield></datafield><datafield ind1=' ' ind2=' ' tag='907'><subfield code='a'>.b130682111</subfield><subfield code='c'>m</subfield><subfield code='d'>a</subfield><subfield code='e'>-</subfield><subfield code='f'>eng</subfield><subfield code='g'>pau</subfield><subfield code='h'>2</subfield><subfield code='i'>1</subfield></datafield><datafield ind1=' ' ind2=' ' tag='035'><subfield code='a'>(OCoLC)3424619</subfield></datafield><datafield ind1='8' ind2=' ' tag='852'><subfield code='h'>NAS (Hawthorne, N. Wonder book. 1930)</subfield><subfield code='0'>8132283</subfield><subfield code='b'>scsbnypl</subfield></datafield><datafield ind1=' ' ind2=' ' tag='876'><subfield code='0'>8132283</subfield><subfield code='a'>13373963</subfield><subfield code='j'>Available</subfield><subfield code='p'>33433103399469</subfield><subfield code='t'>1</subfield><subfield code='x'>Shared</subfield><subfield code='z'>NA</subfield><subfield code='l'>RECAP</subfield></datafield></record>