
<record><leader>00984nam a2200277Ia 4500</leader><controlfield tag='001'>SCSB-11585809</controlfield><controlfield tag='005'>20020606093309.7</controlfield><controlfield tag='008'>860319s1883    mauaf         000 1 eng d</controlfield><controlfield tag='009'>990030897790203941</controlfield><datafield ind1=' ' ind2=' ' tag='035'><subfield code='a'>(OCoLC)13315285</subfield><subfield code='z'>(OCoLC)1127519235</subfield></datafield><datafield ind1=' ' ind2=' ' tag='040'><subfield code='a'>NJM</subfield><subfield code='c'>NJM</subfield><subfield code='d'>HLS</subfield></datafield><datafield ind1=' ' ind2='4' tag='050'><subfield code='a'>PS1850</subfield><subfield code='b'>.E82 v.4</subfield></datafield><datafield ind1=' ' ind2=' ' tag='090'><subfield code='a'>PS1850</subfield><subfield code='b'>.E82 v.4</subfield></datafield><datafield ind1='1' ind2=' ' tag='100'><subfield code='a'>Hawthorne, Nathaniel,</subfield><subfield code='d'>1804-1864</subfield></datafield><datafield ind1='1' ind2='2' tag='245'><subfield code='a'>A wonder-book ; Tanglewood tales, and Grandfather&apos;s chair /</subfield><subfield code='c'>by Nathaniel Hawthorne.</subfield></datafield><datafield ind1='3' ind2=' ' tag='246'><subfield code='a'>Tanglewood tales.</subfield></datafield><datafield ind1='3' ind2=' ' tag='246'><subfield code='a'>Grandfather&apos;s chair.</subfield></datafield><datafield ind1='3' ind2=' ' tag='246'><subfield code='a'>Tanglewood tales</subfield></datafield><datafield ind1='3' ind2=' ' tag='246'><subfield code='a'>Grandfather&apos;s chair</subfield></datafield><datafield ind1=' ' ind2=' ' tag='250'><subfield code='a'>[Standard Library ed.]</subfield></datafield><datafield ind1=' ' ind2=' ' tag='260'><subfield code='a'>Boston :</subfield><subfield code='b'>Houghton, Mifflin,</subfield><subfield code='c'>c1883.</subfield></datafield><datafield ind1=' ' ind2=' ' tag='300'><subfield code='a'>vi, 637 p., [1] leaf of plates :</subfield><subfield code='b'>ill. ;</subfield><subfield code='c'>20 cm.</subfield></datafield><datafield ind1='0' ind2=' ' tag='490'><subfield code='a'>[Works of Nathaniel Hawthorne ;</subfield><subfield code='v'>v.4]</subfield></datafield><datafield ind1=' ' ind2=' ' tag='500'><subfield code='a'>Introductory notes signed G.P.L.</subfield></datafield><datafield ind1='0' ind2=' ' tag='505'><subfield code='a'>A wonder-book for girls and boys--Tanglewood tales--The whole history of grandfather&apos;s chair.</subfield></datafield><datafield ind1=' ' ind2='0' tag='650'><subfield code='a'>Mythology, Classical</subfield></datafield><datafield ind1=' ' ind2='7' tag='655'><subfield code='a'>Juvenile works</subfield><subfield code='2'>fast</subfield></datafield><datafield ind1='0' ind2='8' tag='776'><subfield code='i'>Online version:</subfield><subfield code='a'>Hawthorne, Nathaniel, 1804-1864.</subfield><subfield code='t'>Wonder-book ; Tanglewood tales, and Grandfather&apos;s chair.</subfield><subfield code='b'>[Standard Library ed.].</subfield><subfield code='d'>Boston : Houghton, Mifflin, ©1883</subfield><subfield code='w'>(OCoLC)894100817</subfield></datafield><datafield ind1='1' ind2=' ' tag='583'><subfield code='a'>committed to retain</subfield><subfield code='c'>20181001</subfield><subfield code='d'>in perpetuity</subfield><subfield code='f'>ReCAP Shared Collection</subfield><subfield code='5'>HUL</subfield><subfield code='8'>221869929710003941</subfield></datafield><datafield ind1='7' ind2=' ' tag='852'><subfield code='2'>ZHCL</subfield><subfield code='c'>HD</subfield><subfield code='h'>KE 6850</subfield><subfield code='0'>12399004</subfield><subfield code='b'>scsbhl</subfield></datafield><datafield ind1=' ' ind2=' ' tag='876'><subfield code='0'>12399004</subfield><subfield code='a'>18174098</subfield><subfield code='h'> </subfield><subfield code='j'>Available</subfield><subfield code='k'>WID</subfield><subfield code='p'>HW200O</subfield><subfield code='x'>Shared</subfield><subfield code='z'>HW</subfield><subfield code='l'>HD</subfield></datafield></record>