
<record><leader>01650nam a2200373 a 4500</leader><controlfield tag='001'>SCSB-3318970</controlfield><controlfield tag='003'>NNC</controlfield><controlfield tag='005'>20220608224731.0</controlfield><controlfield tag='008'>950612r19941809gw a          000 0 fre d</controlfield><controlfield tag='009'>1747871</controlfield><datafield ind1=' ' ind2=' ' tag='010'><subfield code='a'>gb 95065512 </subfield></datafield><datafield ind1=' ' ind2=' ' tag='015'><subfield code='a'>GB95-65512</subfield></datafield><datafield ind1=' ' ind2=' ' tag='020'><subfield code='a'>3822889644</subfield></datafield><datafield ind1=' ' ind2=' ' tag='035'><subfield code='a'>(OCoLC)ocm32631649</subfield></datafield><datafield ind1=' ' ind2=' ' tag='035'><subfield code='9'>ALF8981CU</subfield></datafield><datafield ind1=' ' ind2=' ' tag='035'><subfield code='a'>1747871</subfield></datafield><datafield ind1=' ' ind2=' ' tag='040'><subfield code='a'>FFD</subfield><subfield code='c'>FFD</subfield><subfield code='d'>YAM</subfield><subfield code='d'>UKM</subfield></datafield><datafield ind1='0' ind2=' ' tag='041'><subfield code='a'>freengger</subfield></datafield><datafield ind1=' ' ind2=' ' tag='043'><subfield code='a'>f-ua---</subfield></datafield><datafield ind1='0' ind2='0' tag='245'><subfield code='a'>Description de l&apos;Egypte /</subfield><subfield code='c'>publiée par les ordres de Napoléon Bonaparte ; [conception and text, Gilles Néret ; English translation, Chris Miller ; German translation, Bettina Blumenberg].</subfield></datafield><datafield ind1=' ' ind2=' ' tag='250'><subfield code='a'>Ed. complete.</subfield></datafield><datafield ind1=' ' ind2=' ' tag='260'><subfield code='a'>Köln :</subfield><subfield code='b'>Benedikt Taschen,</subfield><subfield code='c'>[1994], ©1994.</subfield></datafield><datafield ind1=' ' ind2=' ' tag='300'><subfield code='a'>1007 pages :</subfield><subfield code='b'>chiefly illustrations (some color) ;</subfield><subfield code='c'>20 cm</subfield></datafield><datafield ind1=' ' ind2=' ' tag='336'><subfield code='a'>text</subfield><subfield code='b'>txt</subfield><subfield code='2'>rdacontent</subfield></datafield><datafield ind1=' ' ind2=' ' tag='337'><subfield code='a'>unmediated</subfield><subfield code='b'>n</subfield><subfield code='2'>rdamedia</subfield></datafield><datafield ind1=' ' ind2=' ' tag='500'><subfield code='a'>Originally published: Paris : Impr. impériale, 1808-1828.</subfield></datafield><datafield ind1=' ' ind2=' ' tag='500'><subfield code='a'>Title on original t.p.: Description de l&apos;Egypte, ou, Recueil des observations et des recherches qui ont été faites en Egypte pendant l&apos;expédition de l&apos;armée française.</subfield></datafield><datafield ind1=' ' ind2=' ' tag='546'><subfield code='a'>French, English and German.</subfield></datafield><datafield ind1=' ' ind2='0' tag='651'><subfield code='a'>Egypt</subfield><subfield code='x'>Antiquities</subfield><subfield code='v'>Pictorial works.</subfield><subfield code='0'>http://id.loc.gov/authorities/subjects/sh2009125211</subfield></datafield><datafield ind1=' ' ind2='0' tag='650'><subfield code='a'>Art, Egyptian</subfield><subfield code='v'>Pictorial works.</subfield></datafield><datafield ind1=' ' ind2='0' tag='650'><subfield code='a'>Architecture, Egyptian</subfield><subfield code='v'>Pictorial works.</subfield></datafield><datafield ind1=' ' ind2='0' tag='650'><subfield code='a'>Natural history</subfield><subfield code='z'>Egypt</subfield><subfield code='v'>Pictorial works.</subfield></datafield><datafield ind1='0' ind2=' ' tag='700'><subfield code='a'>Napoleon</subfield><subfield code='b'>I,</subfield><subfield code='c'>Emperor of the French,</subfield><subfield code='d'>1769-1821.</subfield><subfield code='0'>http://id.loc.gov/authorities/names/n79054933</subfield></datafield><datafield ind1='1' ind2=' ' tag='700'><subfield code='a'>Néret, Gilles.</subfield><subfield code='0'>http://id.loc.gov/authorities/names/n85309802</subfield></datafield><datafield ind1='8' ind2='0' tag='852'><subfield code='h'>AA1581 D4511</subfield><subfield code='0'>3302847</subfield><subfield code='b'>scsbcul</subfield></datafield><datafield ind1=' ' ind2=' ' tag='876'><subfield code='0'>3302847</subfield><subfield code='a'>5021326</subfield><subfield code='h'>In Library Use</subfield><subfield code='j'>Available</subfield><subfield code='p'>AR65683838</subfield><subfield code='t'>1</subfield><subfield code='x'>Shared</subfield><subfield code='z'>AR</subfield><subfield code='l'>RECAP</subfield></datafield></record>