
<record><leader>01653nam a2200361I  4500</leader><controlfield tag='001'>SCSB-7735598</controlfield><controlfield tag='003'>OCoLC</controlfield><controlfield tag='005'>19990224093516.0</controlfield><controlfield tag='008'>820222s1735    fr bcf        000 0 fre  </controlfield><controlfield tag='009'>.b125053800</controlfield><datafield ind1=' ' ind2=' ' tag='010'><subfield code='a'>05008653</subfield></datafield><datafield ind1=' ' ind2=' ' tag='019'><subfield code='a'>33498212</subfield></datafield><datafield ind1=' ' ind2=' ' tag='040'><subfield code='a'>DLC</subfield><subfield code='c'>VA@</subfield><subfield code='d'>VA@</subfield><subfield code='d'>NYP</subfield><subfield code='d'>WaOLN</subfield></datafield><datafield ind1=' ' ind2=' ' tag='043'><subfield code='a'>f-ua---</subfield></datafield><datafield ind1=' ' ind2=' ' tag='049'><subfield code='a'>NYPG</subfield></datafield><datafield ind1='0' ind2='0' tag='050'><subfield code='a'>DT51</subfield><subfield code='b'>.M22</subfield></datafield><datafield ind1='1' ind2=' ' tag='100'><subfield code='a'>Maillet, Benoît de,</subfield><subfield code='d'>1656-1738.</subfield></datafield><datafield ind1='1' ind2='0' tag='245'><subfield code='a'>Description de l&apos;Egypte,</subfield><subfield code='b'>contenant plusieurs remarques curieuses sur la géographie ancienne et moderne de ce païs, sur ces monumens anciens, sur les mœurs ...</subfield><subfield code='c'>Composée sur les mémoires de m. de Maillet ... par m. l&apos;abbé Le Mascrier ...</subfield></datafield><datafield ind1=' ' ind2=' ' tag='260'><subfield code='a'>Paris,</subfield><subfield code='b'>Chez L. Genneau et J. Rollin, fils,</subfield><subfield code='c'>1735.</subfield></datafield><datafield ind1=' ' ind2=' ' tag='300'><subfield code='a'>xxi, [3], 328, 242, [10] p.</subfield><subfield code='b'>7 plates (part fold.), fold. map, port.</subfield><subfield code='c'>26 cm.</subfield></datafield><datafield ind1=' ' ind2=' ' tag='500'><subfield code='a'>Ibrahim-Hilmy, H. H. P., Bibliography of Egypt and the Sudan, v. 1, p. 170.</subfield></datafield><datafield ind1=' ' ind2=' ' tag='500'><subfield code='a'>Titles in red and black.</subfield></datafield><datafield ind1=' ' ind2=' ' tag='500'><subfield code='a'>Errata (9 lines) on recto of last leaf.</subfield></datafield><datafield ind1=' ' ind2='0' tag='651'><subfield code='a'>Egypt</subfield><subfield code='x'>Description and travel.</subfield></datafield><datafield ind1=' ' ind2='0' tag='651'><subfield code='a'>Egypt</subfield><subfield code='x'>Antiquities.</subfield></datafield><datafield ind1='1' ind2=' ' tag='700'><subfield code='a'>Le Mascrier, Jean Baptiste,</subfield><subfield code='d'>1697-1760.</subfield></datafield><datafield ind1=' ' ind2=' ' tag='907'><subfield code='a'>.b125053800</subfield><subfield code='c'>m</subfield><subfield code='d'>a</subfield><subfield code='e'>-</subfield><subfield code='f'>fre</subfield><subfield code='g'>fr</subfield><subfield code='h'>0</subfield><subfield code='i'>2</subfield></datafield><datafield ind1=' ' ind2=' ' tag='035'><subfield code='a'>(OCoLC)8181590</subfield></datafield><datafield ind1='8' ind2=' ' tag='852'><subfield code='h'>BLE (Maillet, B. de. M. Description de l&apos;Egypte)</subfield><subfield code='0'>7870947</subfield><subfield code='b'>scsbnypl</subfield></datafield><datafield ind1=' ' ind2=' ' tag='876'><subfield code='0'>7870947</subfield><subfield code='a'>12921164</subfield><subfield code='h'>Supervised Use</subfield><subfield code='j'>Available</subfield><subfield code='p'>33433103605691</subfield><subfield code='t'>1</subfield><subfield code='x'>Shared</subfield><subfield code='z'>NA</subfield><subfield code='l'>RECAP</subfield></datafield></record>