
<record><leader>01659nam a2200361I  4500</leader><controlfield tag='001'>SCSB-7822612</controlfield><controlfield tag='003'>OCoLC</controlfield><controlfield tag='005'>20001116201354.1</controlfield><controlfield tag='008'>900809s1893    ua            000 0 arar </controlfield><controlfield tag='009'>.b140917263</controlfield><datafield ind1=' ' ind2=' ' tag='010'><subfield code='a'>ne 68001095 //r</subfield></datafield><datafield ind1=' ' ind2=' ' tag='040'><subfield code='a'>DLC</subfield><subfield code='c'>WAU</subfield><subfield code='d'>WAU</subfield><subfield code='d'>NYP</subfield><subfield code='d'>WaOLN</subfield></datafield><datafield ind1='0' ind2=' ' tag='041'><subfield code='a'>ara</subfield><subfield code='a'>fre</subfield></datafield><datafield ind1=' ' ind2=' ' tag='043'><subfield code='a'>f-ua---</subfield></datafield><datafield ind1=' ' ind2=' ' tag='049'><subfield code='a'>NYPO</subfield></datafield><datafield ind1='0' ind2='0' tag='050'><subfield code='a'>DT51</subfield><subfield code='b'>.I2 1893</subfield></datafield><datafield ind1='1' ind2=' ' tag='100'><subfield code='a'>Ibn Duqmāq, Ibrāhīm ibn Muḥammad,</subfield><subfield code='d'>d. 1407.</subfield></datafield><datafield ind1='1' ind2='0' tag='245'><subfield code='a'>Description de l&apos;Égypte, par Ibn Doukmak,</subfield><subfield code='b'>publiée d&apos;après le manuscrit autographe conservé à la Bibliothèque khédiviale. al-Juzʼ al-rābiʻ wa-al-khāmis min Kitāb al-intiṣār li-wāsiṭat ʻiqd al-amṣār,</subfield><subfield code='c'>taʼlīf Ibrāhīm ibn Muḥammad ibn Aydmar al-ʻAlāʼī al-shahīr bi-Ibn Duqmāq.</subfield></datafield><datafield ind1=' ' ind2=' ' tag='260'><subfield code='a'>Le Caire,</subfield><subfield code='b'>Impr. nationale,</subfield><subfield code='c'>1893.</subfield></datafield><datafield ind1=' ' ind2=' ' tag='300'><subfield code='a'>7, 127, 136 p.</subfield><subfield code='c'>25 cm.</subfield></datafield><datafield ind1='0' ind2=' ' tag='490'><subfield code='a'>Egypt. Khedivial Library, Cairo. Publ.</subfield><subfield code='v'>[no. 5]</subfield></datafield><datafield ind1=' ' ind2=' ' tag='500'><subfield code='a'>At head of title: Bibliothèque khédiviale.</subfield></datafield><datafield ind1=' ' ind2=' ' tag='500'><subfield code='a'>Cover title: Kitāb al-intiṣār li-wāsiṭat ʻiqd al-amṣār.</subfield></datafield><datafield ind1=' ' ind2=' ' tag='500'><subfield code='a'>Arabic text in 2 parts, each of which has special t. p.</subfield></datafield><datafield ind1=' ' ind2=' ' tag='500'><subfield code='a'>Pref. signed: Dr. Vollers.</subfield></datafield><datafield ind1=' ' ind2='0' tag='651'><subfield code='a'>Egypt</subfield><subfield code='x'>Description and travel.</subfield></datafield><datafield ind1=' ' ind2='0' tag='651'><subfield code='a'>Cairo (Egypt)</subfield><subfield code='x'>Description and travel.</subfield></datafield><datafield ind1='1' ind2=' ' tag='700'><subfield code='a'>Vollers, Karl,</subfield><subfield code='d'>1857-1909.</subfield></datafield><datafield ind1='0' ind2=' ' tag='740'><subfield code='a'>Intiṣār li-wāsiṭat ʻiqd al-amṣār.</subfield></datafield><datafield ind1=' ' ind2=' ' tag='907'><subfield code='a'>.b140917263</subfield><subfield code='c'>m</subfield><subfield code='d'>a</subfield><subfield code='e'>-</subfield><subfield code='f'>ara</subfield><subfield code='g'>ua</subfield><subfield code='h'>0</subfield><subfield code='i'>1</subfield></datafield><datafield ind1=' ' ind2=' ' tag='035'><subfield code='a'>(OCoLC)22201538</subfield></datafield><datafield ind1='8' ind2=' ' tag='852'><subfield code='h'>*OFY (Ibrāhīm ibn Muhammmad. Description de l&apos;Égypte)</subfield><subfield code='0'>7960546</subfield><subfield code='b'>scsbnypl</subfield></datafield><datafield ind1=' ' ind2=' ' tag='876'><subfield code='0'>7960546</subfield><subfield code='a'>13043379</subfield><subfield code='h'>Supervised Use</subfield><subfield code='j'>Available</subfield><subfield code='p'>33433115325825</subfield><subfield code='t'>1</subfield><subfield code='x'>Shared</subfield><subfield code='z'>NA</subfield><subfield code='l'>RECAP</subfield></datafield></record>