
<record><leader>00000nam  2200301I  4500</leader><controlfield tag='001'>SCSB-6925162</controlfield><controlfield tag='003'>OCoLC</controlfield><controlfield tag='005'>20000629192013.0</controlfield><controlfield tag='008'>830622m18211828enkf          000 0 eng  namI  </controlfield><controlfield tag='009'>.b135518581</controlfield><datafield ind1='1' ind2=' ' tag='100'><subfield code='a'>Latham, John,</subfield><subfield code='d'>1740-1837.</subfield></datafield><datafield ind1=' ' ind2='0' tag='650'><subfield code='a'>Birds</subfield><subfield code='v'>Pictorial works.</subfield></datafield><datafield ind1=' ' ind2=' ' tag='010'><subfield code='a'>06012603</subfield></datafield><datafield ind1=' ' ind2=' ' tag='500'><subfield code='a'>An enlarged and rearranged edition of the author&apos;s A general synopsis of birds.</subfield></datafield><datafield ind1=' ' ind2=' ' tag='500'><subfield code='a'>The Index, with special t.-p., dated 1828, generally listed as a separate volume, is bound after p. xxxii in vol. I.</subfield></datafield><datafield ind1=' ' ind2=' ' tag='500'><subfield code='a'>&quot;Directions for placing plates&quot; found in back of each volume.</subfield></datafield><datafield ind1=' ' ind2=' ' tag='500'><subfield code='a'>Vol. 9, plate no. CLVII wrongly numbered no. CLIII.</subfield></datafield><datafield ind1=' ' ind2=' ' tag='260'><subfield code='a'>Winchester [Eng.]</subfield><subfield code='b'>Printed by Jacob and Johnson, for the author;</subfield><subfield code='b'>sold in London by G. and W.B. Whittaker [etc.]</subfield><subfield code='c'>1821-28.</subfield></datafield><datafield ind1=' ' ind2=' ' tag='300'><subfield code='a'>10 v.</subfield><subfield code='b'>CLXXXIV (i.e. 193) col. pl.</subfield><subfield code='c'>29 x 23 cm.</subfield></datafield><datafield ind1='1' ind2='2' tag='245'><subfield code='a'>A general history of birds.</subfield><subfield code='c'>By John Latham ...</subfield></datafield><datafield ind1=' ' ind2=' ' tag='040'><subfield code='a'>DLC</subfield><subfield code='c'>SMI</subfield><subfield code='d'>SMI</subfield><subfield code='d'>NYP</subfield><subfield code='d'>WaOLN</subfield></datafield><datafield ind1=' ' ind2=' ' tag='049'><subfield code='a'>NYPG</subfield></datafield><datafield ind1='0' ind2='0' tag='050'><subfield code='a'>QL674</subfield><subfield code='b'>.L35</subfield></datafield><datafield ind1='0' ind2='0' tag='908'><subfield code='a'>QL674</subfield><subfield code='b'>.L35</subfield></datafield><datafield ind1=' ' ind2=' ' tag='946'><subfield code='a'>r</subfield></datafield><datafield ind1=' ' ind2=' ' tag='997'><subfield code='a'>hg</subfield><subfield code='b'>11-21-00</subfield><subfield code='c'>m</subfield><subfield code='d'>a</subfield><subfield code='e'>-</subfield><subfield code='f'>eng</subfield><subfield code='g'>enk</subfield><subfield code='h'>2</subfield></datafield><datafield ind1=' ' ind2=' ' tag='910'><subfield code='a'>RL</subfield></datafield><datafield ind1='0' ind2='0' tag='907'><subfield code='a'>.b135518581</subfield></datafield><datafield ind1=' ' ind2=' ' tag='035'><subfield code='a'>(OCoLC)9634940</subfield></datafield><datafield ind1='8' ind2=' ' tag='852'><subfield code='h'>QMB+ (Latham, J. General history of birds) v. 2</subfield><subfield code='0'>7010807</subfield><subfield code='b'>scsbnypl</subfield></datafield><datafield ind1=' ' ind2=' ' tag='866'><subfield code='a'>v. 2</subfield><subfield code='0'>7010807</subfield></datafield><datafield ind1=' ' ind2=' ' tag='876'><subfield code='0'>7010807</subfield><subfield code='3'>v. 2</subfield><subfield code='a'>11265808</subfield><subfield code='h'>In Library Use</subfield><subfield code='j'>Available</subfield><subfield code='p'>33433011576596</subfield><subfield code='t'>2</subfield><subfield code='x'>Shared</subfield><subfield code='z'>NA</subfield><subfield code='l'>RECAP</subfield></datafield></record>