
<record><leader>00774nam a22002414a 4500</leader><controlfield tag='001'>SCSB-10839818</controlfield><controlfield tag='005'>20070901122708.0</controlfield><controlfield tag='008'>020729s2001    it a     b    001 0bita  </controlfield><controlfield tag='009'>990091741970203941</controlfield><datafield ind1=' ' ind2=' ' tag='010'><subfield code='a'>^^2002494585</subfield></datafield><datafield ind1=' ' ind2=' ' tag='035'><subfield code='a'>(OCoLC)50669925</subfield><subfield code='z'>(OCoLC)50213653</subfield><subfield code='z'>(OCoLC)1001001159</subfield></datafield><datafield ind1=' ' ind2=' ' tag='040'><subfield code='a'>DLC</subfield><subfield code='c'>DLC</subfield></datafield><datafield ind1=' ' ind2=' ' tag='042'><subfield code='a'>pcc</subfield></datafield><datafield ind1=' ' ind2=' ' tag='043'><subfield code='a'>e-it---</subfield></datafield><datafield ind1='0' ind2='0' tag='050'><subfield code='a'>QH31.I48</subfield><subfield code='b'>S74 2001</subfield></datafield><datafield ind1='1' ind2=' ' tag='100'><subfield code='a'>Stendardo, Enrica.</subfield></datafield><datafield ind1='1' ind2='0' tag='245'><subfield code='a'>Ferrante Imperato :</subfield><subfield code='b'>collezionismo e studio della natura a Napoli tra Cinque e Seicento /</subfield><subfield code='c'>Enrica Stendardo.</subfield></datafield><datafield ind1=' ' ind2=' ' tag='260'><subfield code='a'>[Napoli] :</subfield><subfield code='b'>Accademia Pontaniana,</subfield><subfield code='c'>2001.</subfield></datafield><datafield ind1=' ' ind2=' ' tag='300'><subfield code='a'>155 p. :</subfield><subfield code='b'>ill. ;</subfield><subfield code='c'>24 cm.</subfield></datafield><datafield ind1='1' ind2=' ' tag='490'><subfield code='a'>Quaderno ;</subfield><subfield code='v'>n. 31</subfield></datafield><datafield ind1=' ' ind2=' ' tag='504'><subfield code='a'>Includes bibliographical references.</subfield></datafield><datafield ind1='1' ind2='0' tag='600'><subfield code='a'>Imperato, Ferrante,</subfield><subfield code='d'>1525-1615?</subfield></datafield><datafield ind1=' ' ind2='0' tag='650'><subfield code='a'>Natural history museums</subfield><subfield code='z'>Italy</subfield><subfield code='z'>Naples</subfield><subfield code='x'>History.</subfield></datafield><datafield ind1=' ' ind2='0' tag='650'><subfield code='a'>Collectors and collecting</subfield><subfield code='z'>Italy</subfield><subfield code='z'>Naples</subfield><subfield code='y'>16th century.</subfield></datafield><datafield ind1=' ' ind2='0' tag='650'><subfield code='a'>Collectors and collecting</subfield><subfield code='z'>Italy</subfield><subfield code='z'>Naples</subfield><subfield code='y'>17th century.</subfield></datafield><datafield ind1=' ' ind2='0' tag='830'><subfield code='a'>Quaderno (Accademia pontaniana (1825)) ;</subfield><subfield code='v'>n. 31.</subfield></datafield><datafield ind1='1' ind2=' ' tag='583'><subfield code='a'>committed to retain</subfield><subfield code='c'>20181001</subfield><subfield code='d'>in perpetuity</subfield><subfield code='f'>ReCAP Shared Collection</subfield><subfield code='5'>HUL</subfield><subfield code='8'>222067469930003941</subfield></datafield><datafield ind1='0' ind2=' ' tag='852'><subfield code='c'>HD</subfield><subfield code='h'>QH31.I48</subfield><subfield code='i'>S74 2001</subfield><subfield code='0'>11631011</subfield><subfield code='b'>scsbhl</subfield></datafield><datafield ind1=' ' ind2=' ' tag='876'><subfield code='0'>11631011</subfield><subfield code='a'>17376931</subfield><subfield code='h'> </subfield><subfield code='j'>Available</subfield><subfield code='k'>WID</subfield><subfield code='p'>HXL6VD</subfield><subfield code='x'>Shared</subfield><subfield code='z'>HW</subfield><subfield code='l'>HD</subfield></datafield></record>