
<record><leader>00000nam a2200433 i 4500</leader><controlfield tag='001'>SCSB-14081288</controlfield><controlfield tag='003'>ItFiC</controlfield><controlfield tag='005'>20220113105254.0</controlfield><controlfield tag='008'>210503e202109  it a     b    000 0dita dnam i </controlfield><controlfield tag='009'>.b227058720</controlfield><datafield ind1='1' ind2=' ' tag='100'><subfield code='a'>Attanasio, Sergio,</subfield><subfield code='e'>author.</subfield></datafield><datafield ind1=' ' ind2='0' tag='650'><subfield code='a'>Architecture, Domestic</subfield><subfield code='z'>Italy</subfield><subfield code='z'>Naples</subfield><subfield code='x'>History.</subfield></datafield><datafield ind1=' ' ind2='0' tag='650'><subfield code='a'>Art</subfield><subfield code='x'>Collections and collecting</subfield><subfield code='z'>Italy</subfield><subfield code='z'>Naples</subfield><subfield code='x'>History.</subfield></datafield><datafield ind1=' ' ind2='0' tag='650'><subfield code='a'>Natural history</subfield><subfield code='x'>Catalogs and collections</subfield><subfield code='z'>Italy</subfield><subfield code='z'>Naples</subfield><subfield code='x'>History.</subfield></datafield><datafield ind1='1' ind2='0' tag='600'><subfield code='a'>Imperato, Ferrante,</subfield><subfield code='d'>1525-1615?</subfield><subfield code='x'>Natural history collections.</subfield></datafield><datafield ind1=' ' ind2='0' tag='651'><subfield code='a'>Naples (Italy)</subfield><subfield code='x'>Buildings, structures, etc.</subfield></datafield><datafield ind1=' ' ind2=' ' tag='250'><subfield code='a'>Prima edizione.</subfield></datafield><datafield ind1=' ' ind2=' ' tag='020'><subfield code='a'>9788869504662 :</subfield><subfield code='c'>18.00 EUR</subfield></datafield><datafield ind1=' ' ind2=' ' tag='504'><subfield code='a'>Includes bibliographical references (pages 285-294).</subfield></datafield><datafield ind1=' ' ind2='1' tag='264'><subfield code='a'>[Naples] :</subfield><subfield code='b'>Rogiosi editore,</subfield><subfield code='c'>settembre 2021.</subfield></datafield><datafield ind1=' ' ind2=' ' tag='300'><subfield code='a'>295 pages :</subfield><subfield code='b'>illustrations (chiefly color) ;</subfield><subfield code='c'>24 cm</subfield></datafield><datafield ind1=' ' ind2=' ' tag='336'><subfield code='a'>text</subfield><subfield code='b'>txt</subfield><subfield code='2'>rdacontent</subfield></datafield><datafield ind1=' ' ind2=' ' tag='337'><subfield code='a'>unmediated</subfield><subfield code='b'>n</subfield><subfield code='2'>rdamedia</subfield></datafield><datafield ind1=' ' ind2=' ' tag='338'><subfield code='a'>volume</subfield><subfield code='b'>nc</subfield><subfield code='2'>rdacarrier</subfield></datafield><datafield ind1='1' ind2='0' tag='245'><subfield code='a'>Wunderkammer napoletane :</subfield><subfield code='b'>dal Cinquecento al Settecento /</subfield><subfield code='c'>Sergio Attanasio ; introduzione di José Vicente Quirante Rives.</subfield></datafield><datafield ind1=' ' ind2=' ' tag='040'><subfield code='a'>ItFiC</subfield><subfield code='b'>eng</subfield><subfield code='e'>rda</subfield><subfield code='c'>ItFiC</subfield></datafield><datafield ind1=' ' ind2=' ' tag='043'><subfield code='a'>e-it---</subfield></datafield><datafield ind1='0' ind2='0' tag='050'><subfield code='a'>NA7514.623.N36</subfield><subfield code='b'>A883 2021</subfield></datafield><datafield ind1='0' ind2='0' tag='908'><subfield code='a'>NA7514.623.N36</subfield><subfield code='b'>A883 2021</subfield></datafield><datafield ind1=' ' ind2=' ' tag='901'><subfield code='a'>CSL</subfield><subfield code='c'>it 51247992</subfield></datafield><datafield ind1=' ' ind2=' ' tag='910'><subfield code='a'>RL</subfield></datafield><datafield ind1=' ' ind2=' ' tag='960'><subfield code='s'>2424</subfield><subfield code='u'>76042arch</subfield><subfield code='t'>MAB</subfield><subfield code='a'>p</subfield><subfield code='d'>r</subfield><subfield code='e'>f</subfield><subfield code='f'>a</subfield><subfield code='g'>b</subfield><subfield code='i'>a</subfield><subfield code='m'>1</subfield><subfield code='v'>csl</subfield><subfield code='w'>ita</subfield><subfield code='x'>it</subfield></datafield><datafield ind1=' ' ind2=' ' tag='981'><subfield code='e'>19.80</subfield><subfield code='i'>22.03</subfield><subfield code='k'>USD</subfield><subfield code='u'>2.20</subfield></datafield><datafield ind1='0' ind2='0' tag='907'><subfield code='a'>.b227058720</subfield></datafield><datafield ind1=' ' ind2=' ' tag='035'><subfield code='a'>(OCoLC)1292476749</subfield></datafield><datafield ind1=' ' ind2=' ' tag='901'><subfield code='a'>fb294149-ee37-4fd5-8bfb-ba25a5185511</subfield><subfield code='b'>25</subfield><subfield code='c'>true</subfield></datafield><datafield ind1='8' ind2=' ' tag='852'><subfield code='h'>ReCAP 22-68373</subfield><subfield code='0'>15021000</subfield><subfield code='b'>scsbnypl</subfield></datafield><datafield ind1=' ' ind2=' ' tag='876'><subfield code='0'>15021000</subfield><subfield code='a'>21491816</subfield><subfield code='h'>In Library Use</subfield><subfield code='j'>Available</subfield><subfield code='p'>33433131485082</subfield><subfield code='t'>1</subfield><subfield code='x'>Open</subfield><subfield code='z'>NA</subfield><subfield code='l'>RECAP</subfield></datafield></record>