
<record><leader>02254cam a2200481 i 4500</leader><controlfield tag='001'>SCSB-14048452</controlfield><controlfield tag='003'>NNC</controlfield><controlfield tag='005'>20240626015622.0</controlfield><controlfield tag='008'>210503e202109  it a     b    000 0dita d</controlfield><controlfield tag='009'>15891884</controlfield><datafield ind1=' ' ind2=' ' tag='020'><subfield code='a'>9788869504662 :</subfield><subfield code='c'>18.00 EUR</subfield></datafield><datafield ind1=' ' ind2=' ' tag='035'><subfield code='a'>(OCoLC)1292476749</subfield></datafield><datafield ind1=' ' ind2=' ' tag='035'><subfield code='a'>(ItFiC)it 51247992</subfield></datafield><datafield ind1=' ' ind2=' ' tag='035'><subfield code='a'>15891884</subfield></datafield><datafield ind1=' ' ind2=' ' tag='040'><subfield code='a'>ItFiC</subfield><subfield code='b'>eng</subfield><subfield code='e'>rda</subfield><subfield code='c'>ItFiC</subfield></datafield><datafield ind1=' ' ind2=' ' tag='043'><subfield code='a'>e-it---</subfield></datafield><datafield ind1='0' ind2='0' tag='050'><subfield code='a'>NA7514.623.N36</subfield><subfield code='b'>A883 2021</subfield></datafield><datafield ind1='1' ind2=' ' tag='100'><subfield code='a'>Attanasio, Sergio,</subfield><subfield code='e'>author.</subfield><subfield code='4'>http://id.loc.gov/vocabulary/relators/aut</subfield><subfield code='0'>http://id.loc.gov/authorities/names/nr88012332</subfield></datafield><datafield ind1='1' ind2='0' tag='245'><subfield code='a'>Wunderkammer napoletane :</subfield><subfield code='b'>dal Cinquecento al Settecento /</subfield><subfield code='c'>Sergio Attanasio ; introduzione di José Vicente Quirante Rives.</subfield></datafield><datafield ind1=' ' ind2=' ' tag='250'><subfield code='a'>Prima edizione.</subfield></datafield><datafield ind1=' ' ind2='1' tag='264'><subfield code='a'>[Naples] :</subfield><subfield code='b'>Rogiosi editore,</subfield><subfield code='c'>settembre 2021.</subfield></datafield><datafield ind1=' ' ind2=' ' tag='300'><subfield code='a'>295 pages :</subfield><subfield code='b'>illustrations (chiefly color) ;</subfield><subfield code='c'>24 cm</subfield></datafield><datafield ind1=' ' ind2=' ' tag='336'><subfield code='a'>text</subfield><subfield code='b'>txt</subfield><subfield code='2'>rdacontent</subfield></datafield><datafield ind1=' ' ind2=' ' tag='337'><subfield code='a'>unmediated</subfield><subfield code='b'>n</subfield><subfield code='2'>rdamedia</subfield></datafield><datafield ind1=' ' ind2=' ' tag='338'><subfield code='a'>volume</subfield><subfield code='b'>nc</subfield><subfield code='2'>rdacarrier</subfield></datafield><datafield ind1=' ' ind2=' ' tag='504'><subfield code='a'>Includes bibliographical references (pages 285-294).</subfield></datafield><datafield ind1=' ' ind2='0' tag='650'><subfield code='a'>Architecture, Domestic</subfield><subfield code='z'>Italy</subfield><subfield code='z'>Naples</subfield><subfield code='x'>History.</subfield></datafield><datafield ind1=' ' ind2='0' tag='650'><subfield code='a'>Art</subfield><subfield code='x'>Collections and collecting</subfield><subfield code='z'>Italy</subfield><subfield code='z'>Naples</subfield><subfield code='x'>History.</subfield></datafield><datafield ind1=' ' ind2='0' tag='650'><subfield code='a'>Natural history</subfield><subfield code='x'>Catalogs and collections</subfield><subfield code='z'>Italy</subfield><subfield code='z'>Naples</subfield><subfield code='x'>History.</subfield></datafield><datafield ind1='1' ind2='0' tag='600'><subfield code='a'>Imperato, Ferrante,</subfield><subfield code='d'>1525-1615?</subfield><subfield code='x'>Natural history collections.</subfield></datafield><datafield ind1=' ' ind2='0' tag='651'><subfield code='a'>Naples (Italy)</subfield><subfield code='x'>Buildings, structures, etc.</subfield><subfield code='0'>http://id.loc.gov/authorities/subjects/sh2008116251</subfield></datafield><datafield ind1=' ' ind2=' ' tag='901'><subfield code='a'>fb294149-ee37-4fd5-8bfb-ba25a5185511</subfield><subfield code='b'>25</subfield><subfield code='c'>true</subfield></datafield><datafield ind1='0' ind2='0' tag='852'><subfield code='h'>NA7514.623.N36 A883 2021</subfield><subfield code='0'>14987983</subfield><subfield code='b'>scsbcul</subfield></datafield><datafield ind1=' ' ind2=' ' tag='876'><subfield code='0'>14987983</subfield><subfield code='a'>21448652</subfield><subfield code='h'>In Library Use</subfield><subfield code='j'>Available</subfield><subfield code='p'>AR02821362</subfield><subfield code='t'>1</subfield><subfield code='x'>Shared</subfield><subfield code='z'>AR</subfield><subfield code='l'>RECAP</subfield></datafield></record>