
<record><leader>00000cam a2200397 a 4500</leader><controlfield tag='001'>SCSB-10396025</controlfield><controlfield tag='005'>20110114191253.0</controlfield><controlfield tag='008'>100309s2010    nyuaf    b    001 0 eng  </controlfield><controlfield tag='009'>990125869340203941</controlfield><datafield ind1=' ' ind2=' ' tag='010'><subfield code='a'>^^2010010284</subfield></datafield><datafield ind1=' ' ind2=' ' tag='015'><subfield code='a'>GBB078636</subfield><subfield code='2'>bnb</subfield></datafield><datafield ind1='7' ind2=' ' tag='016'><subfield code='a'>015589396</subfield><subfield code='2'>Uk</subfield></datafield><datafield ind1=' ' ind2=' ' tag='020'><subfield code='a'>9780865476981 (hardcover : alk. paper) :</subfield><subfield code='c'>$28.00</subfield></datafield><datafield ind1=' ' ind2=' ' tag='020'><subfield code='a'>0865476985 (hardcover : alk. paper)</subfield></datafield><datafield ind1=' ' ind2=' ' tag='035'><subfield code='a'>(OCoLC)555656279</subfield></datafield><datafield ind1=' ' ind2=' ' tag='040'><subfield code='a'>DLC</subfield><subfield code='c'>DLC</subfield><subfield code='d'>BTCTA</subfield><subfield code='d'>UKM</subfield><subfield code='d'>YDXCP</subfield><subfield code='d'>IKG</subfield><subfield code='d'>C#P</subfield><subfield code='d'>UTW</subfield><subfield code='d'>BWX</subfield><subfield code='d'>SFR</subfield><subfield code='d'>ABG</subfield><subfield code='d'>CDX</subfield><subfield code='d'>JQF</subfield><subfield code='d'>VP@</subfield></datafield><datafield ind1=' ' ind2=' ' tag='043'><subfield code='a'>n-us---</subfield></datafield><datafield ind1='0' ind2='0' tag='050'><subfield code='a'>ML3477</subfield><subfield code='b'>.R67 2010</subfield></datafield><datafield ind1='0' ind2='0' tag='082'><subfield code='a'>782.42164089/51073</subfield><subfield code='2'>22</subfield></datafield><datafield ind1='1' ind2=' ' tag='100'><subfield code='a'>Rotella, Mark,</subfield><subfield code='d'>1967-</subfield></datafield><datafield ind1='1' ind2='0' tag='245'><subfield code='a'>Amore :</subfield><subfield code='b'>the story of Italian American song /</subfield><subfield code='c'>Mark Rotella.</subfield></datafield><datafield ind1=' ' ind2=' ' tag='250'><subfield code='a'>1st ed.</subfield></datafield><datafield ind1=' ' ind2=' ' tag='260'><subfield code='a'>New York :</subfield><subfield code='b'>Farrar, Straus and Giroux,</subfield><subfield code='c'>2010.</subfield></datafield><datafield ind1=' ' ind2=' ' tag='300'><subfield code='a'>xviii, 300 p., [8] p. of plates :</subfield><subfield code='b'>ill. ;</subfield><subfield code='c'>24 cm.</subfield></datafield><datafield ind1=' ' ind2=' ' tag='504'><subfield code='a'>Includes bibliographical references (p. [277]-283) and index.</subfield></datafield><datafield ind1='0' ind2=' ' tag='505'><subfield code='a'>The old country. &quot;I have but one heart&quot; (&quot;O marenariello&quot;) : Frank Sinatra and Vic Damone ; &quot;Vesti la giubba&quot; : Enrico Caruso ; &quot;Core &apos;ngrato&quot; : Eduardo Migliaccio and Gilda Mignonette ; &quot;O sole mio&quot; : Enrico Caruso ; &quot;Tip-toe through the tulips&quot; : Nick Lucas ; &quot;You call it madness (But I call it love)&quot; : Russ Columbo ; &quot;Sing, sing, sing&quot; : Louis Prima ; &quot;All or nothing at all&quot; : Frank Sinatra ; &quot;Night and day&quot; : Frank Sinatra ; &quot;Angelina&quot; : Louis Prima ; &quot;I&apos;m gonna love that gal (like she&apos;s never been loved before)&quot; : Perry Como ; &quot;Prisoner of love&quot; : Perry Como ; &quot;Mam&apos;selle&quot; : Frank Sinatra -- The Italian decade, the 1950s. &quot;You&apos;re breaking my heart&quot; : Vic Damone ; &quot;That lucky old sun&quot; : Frankie Laine ; &quot;Be my love&quot; : Mario Lanza ; &quot;Here in my heart&quot; : Al Martino ; &quot;Because of you&quot; : Tony Bennett ; &quot;Your cheatin&apos; heart&quot; : Joni James ; &quot;That&apos;s amore&quot; : Dean Martin ; &quot;Eh, cumpari!&quot; : Julius La Rosa ; &quot;Darktown strutters&apos; ball (Italian-style)&quot; : Lou Monte ; &quot;(The gang that sang) Heart of my heart&quot; : Don Cornell and Johnny Desmond ; &quot;Sweet and gentle&quot; : Alan Dale ; &quot;I&apos;ve got the world on a string&quot; : Frank Sinatra ; &quot;Just a gigolo&quot; : Louis Prima ; &quot;Innamorata&quot; : Jerry Vale ; &quot;Volare&quot; : Dean Martin ; &quot;Mama&quot; : Connie Francis ; &quot;Dream lover&quot; : Bobby Darin ; &quot;Lightnin&apos; strikes&quot; : Lou Christie ; &quot;I wonder why&quot; : Dion and the Belmonts ; &quot;Sixteen candles&quot; : Johnny Maestro and the Crests ; &quot;Mack the Knife&quot; : Bobby Darin ; &quot;It&apos;s now or never&quot; : Elvis Presley ; &quot;The wanderer&quot; : Dion ; &quot;Walk like a man&quot; : Frankie Valli and the Four Seasons -- Las Vegas. &quot;Nice &apos;n&apos; easy&quot; : Frank Sinatra and the Rat Pack ; &quot;Bye bye blackbird&quot; : Sammy Davis Jr. ; &quot;Fly me to the moon&quot; : Frank Sinatra ; &quot;Fly me to the moon&quot; (reprise) : Tony Bennett, September 2001.</subfield></datafield><datafield ind1=' ' ind2=' ' tag='520'><subfield code='a'>Tells of the story of how Italians integrated into America in the 1950s in part through the music of such singers as Enrico Caruso, Frank Sinatra, Dean Martin, Perry Como, and others.</subfield></datafield><datafield ind1=' ' ind2='0' tag='650'><subfield code='a'>Italian American singers.</subfield></datafield><datafield ind1=' ' ind2='0' tag='650'><subfield code='a'>Popular music</subfield><subfield code='z'>United States</subfield><subfield code='x'>History and criticism</subfield></datafield><datafield ind1=' ' ind2='0' tag='650'><subfield code='a'>Italian Americans</subfield><subfield code='x'>Music</subfield><subfield code='x'>History and criticism.</subfield></datafield><datafield ind1='1' ind2=' ' tag='583'><subfield code='a'>committed to retain</subfield><subfield code='c'>20181001</subfield><subfield code='d'>in perpetuity</subfield><subfield code='f'>ReCAP Shared Collection</subfield><subfield code='5'>HUL</subfield><subfield code='8'>222131799370003941</subfield></datafield><datafield ind1=' ' ind2=' ' tag='901'><subfield code='a'>8ed5d9ba-69f2-47c3-8f6d-6069ee5f6475</subfield><subfield code='b'>21</subfield><subfield code='c'>false</subfield></datafield><datafield ind1='0' ind2=' ' tag='852'><subfield code='c'>HD</subfield><subfield code='h'>ML3477</subfield><subfield code='i'>.R67 2010</subfield><subfield code='0'>11169780</subfield><subfield code='b'>scsbhl</subfield></datafield><datafield ind1=' ' ind2=' ' tag='876'><subfield code='0'>11169780</subfield><subfield code='a'>16893580</subfield><subfield code='h'> </subfield><subfield code='j'>Available</subfield><subfield code='k'>MUS</subfield><subfield code='p'>32044118576230</subfield><subfield code='x'>Shared</subfield><subfield code='z'>ML</subfield><subfield code='l'>HD</subfield></datafield><datafield ind1='0' ind2=' ' tag='852'><subfield code='c'>HD</subfield><subfield code='h'>ML3477</subfield><subfield code='i'>.R67 2010</subfield><subfield code='0'>11169781</subfield><subfield code='b'>scsbhl</subfield></datafield><datafield ind1=' ' ind2=' ' tag='876'><subfield code='0'>11169781</subfield><subfield code='a'>16893581</subfield><subfield code='h'> </subfield><subfield code='j'>Available</subfield><subfield code='k'>WID</subfield><subfield code='p'>32044117194902</subfield><subfield code='x'>Open</subfield><subfield code='z'>HW</subfield><subfield code='l'>HD</subfield></datafield></record>