
<record><leader>00000cam  2200265I  4500</leader><controlfield tag='001'>SCSB-9848733</controlfield><controlfield tag='003'>OCoLC</controlfield><controlfield tag='005'>20000622182254.7</controlfield><controlfield tag='007'>hd bfb---baca</controlfield><controlfield tag='008'>820701s1855    ohua    a     000 0 eng dcamI  </controlfield><controlfield tag='009'>.b146721081</controlfield><datafield ind1='1' ind2=' ' tag='100'><subfield code='a'>Ball, James Presley,</subfield><subfield code='d'>1825-1904.</subfield></datafield><datafield ind1=' ' ind2='0' tag='650'><subfield code='a'>Slavery</subfield><subfield code='z'>United States.</subfield></datafield><datafield ind1=' ' ind2='0' tag='651'><subfield code='a'>United States</subfield><subfield code='x'>Description and travel.</subfield></datafield><datafield ind1=' ' ind2=' ' tag='533'><subfield code='a'>Microfilm.</subfield><subfield code='b'>New York :</subfield><subfield code='c'>New York Public Library,</subfield><subfield code='d'>[19--].</subfield><subfield code='e'>1 microfilm reel ; 35 mm.</subfield></datafield><datafield ind1=' ' ind2=' ' tag='260'><subfield code='a'>Cincinnati,</subfield><subfield code='b'>Achilles Pugh,</subfield><subfield code='c'>1855.</subfield></datafield><datafield ind1=' ' ind2=' ' tag='300'><subfield code='a'>56 p.</subfield><subfield code='b'>fold. front.</subfield><subfield code='c'>23 cm.</subfield></datafield><datafield ind1='1' ind2='0' tag='245'><subfield code='a'>Ball&apos;s splendid mammoth pictorial tour of the United States.</subfield><subfield code='b'>Comprising views of the African slave trade; of northern and southern cities; of cotton and sugar plantations; of the Mississippi, Ohio and Susquehanna Rivers, Niagra Falls, &amp;c. Compiled for the panorama</subfield><subfield code='h'>[microform]</subfield></datafield><datafield ind1='0' ind2=' ' tag='740'><subfield code='a'>Splendid mammoth pictorial tour of the United States.</subfield></datafield><datafield ind1=' ' ind2=' ' tag='040'><subfield code='a'>Columbia Univ. Libr.</subfield><subfield code='c'>OUN</subfield><subfield code='d'>OUN</subfield><subfield code='d'>OCL</subfield><subfield code='d'>NYP</subfield><subfield code='d'>WaOLN</subfield></datafield><datafield ind1=' ' ind2=' ' tag='049'><subfield code='a'>NYPF</subfield></datafield><datafield ind1=' ' ind2=' ' tag='946'><subfield code='a'>r</subfield></datafield><datafield ind1=' ' ind2=' ' tag='997'><subfield code='a'>hf</subfield><subfield code='b'>06-23-00</subfield><subfield code='c'>m</subfield><subfield code='d'>a</subfield><subfield code='e'>-</subfield><subfield code='f'>eng</subfield><subfield code='g'>ohu</subfield><subfield code='h'>0</subfield></datafield><datafield ind1=' ' ind2=' ' tag='910'><subfield code='a'>RL</subfield></datafield><datafield ind1='0' ind2='0' tag='907'><subfield code='a'>.b146721081</subfield></datafield><datafield ind1=' ' ind2=' ' tag='035'><subfield code='a'>(OCoLC)8566626</subfield></datafield><datafield ind1='8' ind2=' ' tag='852'><subfield code='h'>*ZT SEKK p.v. 6-11 r. 15</subfield><subfield code='0'>10576023</subfield><subfield code='b'>scsbnypl</subfield></datafield><datafield ind1=' ' ind2=' ' tag='866'><subfield code='a'>r. 15</subfield><subfield code='0'>10576023</subfield></datafield><datafield ind1=' ' ind2=' ' tag='876'><subfield code='0'>10576023</subfield><subfield code='3'>r. 15</subfield><subfield code='a'>16266520</subfield><subfield code='h'>In Library Use</subfield><subfield code='j'>Available</subfield><subfield code='p'>33433100629736</subfield><subfield code='t'>1</subfield><subfield code='x'>Open</subfield><subfield code='z'>NA</subfield><subfield code='l'>RECAP</subfield></datafield></record>