
<record><leader>05770cam a2200865 i 4500</leader><controlfield tag='001'>SCSB-14545902</controlfield><controlfield tag='003'>NNC</controlfield><controlfield tag='005'>20240626213031.0</controlfield><controlfield tag='007'>t|</controlfield><controlfield tag='008'>230517s2023    laua     bc   000 0 eng  </controlfield><controlfield tag='009'>17396915</controlfield><datafield ind1=' ' ind2=' ' tag='010'><subfield code='a'>  2022943021</subfield></datafield><datafield ind1=' ' ind2=' ' tag='019'><subfield code='a'>1309959394</subfield><subfield code='a'>1310074615</subfield><subfield code='a'>1310154570</subfield><subfield code='a'>1310393341</subfield><subfield code='a'>1344293682</subfield></datafield><datafield ind1=' ' ind2=' ' tag='020'><subfield code='a'>9780300267389</subfield><subfield code='q'>(hardcover)</subfield></datafield><datafield ind1=' ' ind2=' ' tag='020'><subfield code='a'>030026738X</subfield><subfield code='q'>(hardcover)</subfield></datafield><datafield ind1=' ' ind2=' ' tag='024'><subfield code='a'>99995155472</subfield></datafield><datafield ind1=' ' ind2=' ' tag='035'><subfield code='a'>(OCoLC)on1379251049</subfield></datafield><datafield ind1=' ' ind2=' ' tag='035'><subfield code='a'>(OCoLC)1379251049</subfield><subfield code='z'>(OCoLC)1309959394</subfield><subfield code='z'>(OCoLC)1310074615</subfield><subfield code='z'>(OCoLC)1310154570</subfield><subfield code='z'>(OCoLC)1310393341</subfield><subfield code='z'>(OCoLC)1344293682</subfield></datafield><datafield ind1=' ' ind2=' ' tag='035'><subfield code='a'>17396915</subfield></datafield><datafield ind1=' ' ind2=' ' tag='040'><subfield code='a'>CRU</subfield><subfield code='b'>eng</subfield><subfield code='e'>rda</subfield><subfield code='c'>DLC</subfield><subfield code='d'>ERASA</subfield><subfield code='d'>YDX</subfield><subfield code='d'>TOH</subfield><subfield code='d'>UKMGB</subfield><subfield code='d'>OCLCF</subfield><subfield code='d'>YUS</subfield><subfield code='d'>HRM</subfield><subfield code='d'>IND</subfield><subfield code='d'>MZA</subfield><subfield code='d'>INU</subfield><subfield code='d'>BDX</subfield><subfield code='d'>CMA</subfield><subfield code='d'>EYM</subfield><subfield code='d'>WAU</subfield><subfield code='d'>CNNGC</subfield><subfield code='d'>TEU</subfield><subfield code='d'>NYP</subfield><subfield code='d'>GZM</subfield><subfield code='d'>CUY</subfield><subfield code='d'>GH1</subfield><subfield code='d'>CRU</subfield><subfield code='d'>OCLCO</subfield></datafield><datafield ind1=' ' ind2=' ' tag='042'><subfield code='a'>lccopycat</subfield></datafield><datafield ind1=' ' ind2=' ' tag='043'><subfield code='a'>n-us---</subfield></datafield><datafield ind1='0' ind2='0' tag='050'><subfield code='a'>TR681.B52</subfield><subfield code='b'>C35 2023</subfield></datafield><datafield ind1='0' ind2='4' tag='082'><subfield code='a'>770.8996073</subfield><subfield code='2'>23</subfield></datafield><datafield ind1='0' ind2='0' tag='245'><subfield code='a'>Called to the camera :</subfield><subfield code='b'>Black American studio photographers /</subfield><subfield code='c'>Brian Piper with John Edwin Mason, Carla Williams, and Russell Lord ; foreword by Susan Taylor.</subfield></datafield><datafield ind1='1' ind2=' ' tag='246'><subfield code='a'>Black American studio photographers</subfield></datafield><datafield ind1=' ' ind2='1' tag='264'><subfield code='a'>[New Orleans] :</subfield><subfield code='b'>New Orleans Museum of Art,</subfield><subfield code='c'>[2023]</subfield></datafield><datafield ind1=' ' ind2=' ' tag='300'><subfield code='a'>226 pages :</subfield><subfield code='b'>illustrations ;</subfield><subfield code='c'>29 cm</subfield></datafield><datafield ind1=' ' ind2=' ' tag='336'><subfield code='a'>text</subfield><subfield code='b'>txt</subfield><subfield code='2'>rdacontent</subfield></datafield><datafield ind1=' ' ind2=' ' tag='336'><subfield code='a'>still image</subfield><subfield code='b'>sti</subfield><subfield code='2'>rdacontent</subfield></datafield><datafield ind1=' ' ind2=' ' tag='337'><subfield code='a'>unmediated</subfield><subfield code='b'>n</subfield><subfield code='2'>rdamedia</subfield></datafield><datafield ind1=' ' ind2=' ' tag='338'><subfield code='a'>volume</subfield><subfield code='b'>nc</subfield><subfield code='2'>rdacarrier</subfield></datafield><datafield ind1=' ' ind2=' ' tag='500'><subfield code='a'>Published on the occasion of the exhibition of the same title, held at New Orleans Museum of Art, New Orleans, September 15, 2022-January 8, 2023.</subfield></datafield><datafield ind1=' ' ind2=' ' tag='504'><subfield code='a'>Includes bibliographical references.</subfield></datafield><datafield ind1='0' ind2=' ' tag='505'><subfield code='a'>Director&apos;s foreword / Susan M. Taylor -- Introduction / Russell Lord -- &quot;Where there&apos;s beauty we take it, and where there&apos;s none we can make it:&quot; the work of Black American photography studios / Brian Piper -- Nobody&apos;s &quot;faithful servant:&quot; Henry Martin represents himself / John Edwin Mason -- The art of seeing as being seen / Carla Williams -- Plates.</subfield></datafield><datafield ind1=' ' ind2=' ' tag='520'><subfield code='a'>&quot;From photography&apos;s beginnings in the United States, Black studio photographers operated on the developing edge of popular media to produce affirming portraits for their clients, as well as a wide range of photographic work rooted in their communities. Called to the Camera offers a comprehensive history of this work, from the nineteenth-century daguerreotypes of James Presley Ball to the height of Black studios in the mid-twentieth century, and considers contemporary photographers responding to Black studio traditions today. In addition to showcasing famous photographers such as Ball, James Van Der Zee, and Addison Scurlock, this volume brings attention to dozens of other artists across the country, including Florestine Perrault Collins, Austin Hansen, and Henry Clay Anderson. The book features more than one hundred extraordinary vintage photographs, many of them unique objects and some, like those by the Hooks Brothers Studio, published here for the first time. Highlighting Black subjects on both sides of the camera, Called to the Camera presents a broader and more inclusive history of photography.&quot;--</subfield><subfield code='c'>Source other than Library of Congress.</subfield></datafield><datafield ind1=' ' ind2='0' tag='650'><subfield code='a'>African American portrait photographers</subfield><subfield code='v'>Exhibitions.</subfield></datafield><datafield ind1=' ' ind2='0' tag='650'><subfield code='a'>African Americans</subfield><subfield code='v'>Portraits</subfield><subfield code='v'>Exhibitions.</subfield></datafield><datafield ind1=' ' ind2='0' tag='650'><subfield code='a'>Portrait photography</subfield><subfield code='z'>United States</subfield><subfield code='v'>Exhibitions.</subfield></datafield><datafield ind1=' ' ind2='0' tag='650'><subfield code='a'>African American photographers</subfield><subfield code='v'>Exhibitions.</subfield></datafield><datafield ind1=' ' ind2='0' tag='650'><subfield code='a'>Photography</subfield><subfield code='z'>United States</subfield><subfield code='x'>History</subfield><subfield code='v'>Exhibitions.</subfield></datafield><datafield ind1=' ' ind2='0' tag='650'><subfield code='a'>African Americans in art</subfield><subfield code='v'>Exhibitions.</subfield><subfield code='0'>http://id.loc.gov/authorities/subjects/sh2009113932</subfield></datafield><datafield ind1=' ' ind2='0' tag='650'><subfield code='a'>Black people in art</subfield><subfield code='v'>Exhibitions.</subfield><subfield code='0'>http://id.loc.gov/authorities/subjects/sh2009117254</subfield></datafield><datafield ind1=' ' ind2='0' tag='650'><subfield code='a'>Portrait photography</subfield><subfield code='z'>United States</subfield><subfield code='x'>History</subfield><subfield code='v'>Exhibitions.</subfield></datafield><datafield ind1=' ' ind2='6' tag='650'><subfield code='a'>Photographes portraitistes noirs américains</subfield><subfield code='v'>Expositions.</subfield></datafield><datafield ind1=' ' ind2='6' tag='650'><subfield code='a'>Photographes noirs américains</subfield><subfield code='v'>Expositions.</subfield></datafield><datafield ind1=' ' ind2='6' tag='650'><subfield code='a'>Photographie</subfield><subfield code='z'>États-Unis</subfield><subfield code='x'>Histoire</subfield><subfield code='v'>Expositions.</subfield></datafield><datafield ind1=' ' ind2='6' tag='650'><subfield code='a'>Portraits (Photographie)</subfield><subfield code='z'>États-Unis</subfield><subfield code='v'>Expositions.</subfield></datafield><datafield ind1=' ' ind2='6' tag='650'><subfield code='a'>Noirs américains</subfield><subfield code='v'>Portraits</subfield><subfield code='v'>Expositions.</subfield></datafield><datafield ind1=' ' ind2='6' tag='650'><subfield code='a'>Noirs américains dans l&apos;art</subfield><subfield code='v'>Expositions.</subfield></datafield><datafield ind1=' ' ind2='6' tag='650'><subfield code='a'>Personnes noires dans l&apos;art</subfield><subfield code='v'>Expositions.</subfield></datafield><datafield ind1=' ' ind2='6' tag='650'><subfield code='a'>Portraits (Photographie)</subfield><subfield code='z'>États-Unis</subfield><subfield code='x'>Histoire</subfield><subfield code='v'>Expositions.</subfield></datafield><datafield ind1=' ' ind2='7' tag='650'><subfield code='a'>ART / American / African American &amp; Black.</subfield><subfield code='2'>bisacsh</subfield></datafield><datafield ind1=' ' ind2='7' tag='650'><subfield code='a'>African American photographers.</subfield><subfield code='2'>fast</subfield></datafield><datafield ind1=' ' ind2='7' tag='650'><subfield code='a'>Photography.</subfield><subfield code='2'>fast</subfield></datafield><datafield ind1=' ' ind2='7' tag='650'><subfield code='a'>History.</subfield><subfield code='2'>fast</subfield></datafield><datafield ind1=' ' ind2='7' tag='651'><subfield code='a'>United States.</subfield><subfield code='2'>fast</subfield></datafield><datafield ind1=' ' ind2='7' tag='655'><subfield code='a'>exhibition catalogs.</subfield><subfield code='2'>aat</subfield></datafield><datafield ind1=' ' ind2='7' tag='655'><subfield code='a'>photobooks.</subfield><subfield code='2'>aat</subfield></datafield><datafield ind1=' ' ind2='7' tag='655'><subfield code='a'>History.</subfield><subfield code='2'>fast</subfield></datafield><datafield ind1=' ' ind2='7' tag='655'><subfield code='a'>Exhibition catalogs.</subfield><subfield code='2'>lcgft</subfield><subfield code='0'>http://id.loc.gov/authorities/genreForms/gf2014026098</subfield></datafield><datafield ind1=' ' ind2='7' tag='655'><subfield code='a'>Photobooks.</subfield><subfield code='2'>lcgft</subfield><subfield code='0'>http://id.loc.gov/authorities/genreForms/gf2014026144</subfield></datafield><datafield ind1=' ' ind2='7' tag='655'><subfield code='a'>Catalogues d&apos;exposition.</subfield><subfield code='2'>rvmgf</subfield></datafield><datafield ind1=' ' ind2='7' tag='655'><subfield code='a'>Livres de photographies.</subfield><subfield code='2'>rvmgf</subfield></datafield><datafield ind1='1' ind2=' ' tag='700'><subfield code='a'>Piper, Brian</subfield><subfield code='c'>(Art museum curator)</subfield><subfield code='0'>http://id.loc.gov/authorities/names/no2023063082</subfield></datafield><datafield ind1='1' ind2=' ' tag='700'><subfield code='a'>Mason, John Edwin.</subfield><subfield code='0'>http://id.loc.gov/authorities/names/no96010765</subfield></datafield><datafield ind1='1' ind2=' ' tag='700'><subfield code='a'>Williams, Carla,</subfield><subfield code='d'>1965-</subfield><subfield code='0'>http://id.loc.gov/authorities/names/nb99175228</subfield></datafield><datafield ind1='1' ind2=' ' tag='700'><subfield code='a'>Lord, Russell.</subfield><subfield code='0'>http://id.loc.gov/authorities/names/no2010083512</subfield></datafield><datafield ind1='1' ind2=' ' tag='700'><subfield code='a'>Taylor, Susan M.,</subfield><subfield code='e'>writer of foreword.</subfield><subfield code='0'>http://id.loc.gov/authorities/names/no2014040916</subfield></datafield><datafield ind1='2' ind2=' ' tag='710'><subfield code='a'>New Orleans Museum of Art,</subfield><subfield code='e'>issuing body,</subfield><subfield code='e'>host institution.</subfield><subfield code='4'>http://id.loc.gov/vocabulary/relators/isb</subfield><subfield code='4'>http://id.loc.gov/vocabulary/relators/his</subfield><subfield code='0'>http://id.loc.gov/authorities/names/n80010418</subfield></datafield><datafield ind1='0' ind2='0' tag='852'><subfield code='h'>TR575 .C35 2023g</subfield><subfield code='0'>15528396</subfield><subfield code='b'>scsbcul</subfield></datafield><datafield ind1=' ' ind2=' ' tag='876'><subfield code='0'>15528396</subfield><subfield code='a'>22121488</subfield><subfield code='h'>In Library Use</subfield><subfield code='j'>Available</subfield><subfield code='p'>AR03136833</subfield><subfield code='t'>1</subfield><subfield code='x'>Shared</subfield><subfield code='z'>AR</subfield><subfield code='l'>RECAP</subfield></datafield></record>