
<record><leader>01353cam a2200313   4500</leader><controlfield tag='001'>SCSB-3965091</controlfield><controlfield tag='003'>NNC</controlfield><controlfield tag='005'>20221012231407.0</controlfield><controlfield tag='008'>751128r19061632stkacf        000 0 eng  </controlfield><controlfield tag='009'>2717728</controlfield><datafield ind1=' ' ind2=' ' tag='010'><subfield code='a'>   07028951 </subfield></datafield><datafield ind1=' ' ind2=' ' tag='035'><subfield code='a'>(OCoLC)ocm01862075</subfield></datafield><datafield ind1=' ' ind2=' ' tag='035'><subfield code='9'>ARH0545CU</subfield></datafield><datafield ind1=' ' ind2=' ' tag='035'><subfield code='a'>2717728</subfield></datafield><datafield ind1=' ' ind2=' ' tag='040'><subfield code='a'>DLC</subfield><subfield code='c'>AKR</subfield><subfield code='d'>OCL</subfield><subfield code='d'>NYP</subfield><subfield code='d'>OCL</subfield><subfield code='d'>ZCU</subfield></datafield><datafield ind1=' ' ind2=' ' tag='043'><subfield code='a'>f-ua---</subfield><subfield code='a'>ff-----</subfield></datafield><datafield ind1='0' ind2='0' tag='050'><subfield code='a'>G460</subfield><subfield code='b'>.L7</subfield></datafield><datafield ind1=' ' ind2=' ' tag='099'><subfield code='a'>910.4</subfield><subfield code='a'>L714</subfield></datafield><datafield ind1='1' ind2=' ' tag='100'><subfield code='a'>Lithgow, William,</subfield><subfield code='d'>1582-1645?</subfield><subfield code='0'>http://id.loc.gov/authorities/names/n87861471</subfield></datafield><datafield ind1='1' ind2='4' tag='245'><subfield code='a'>The totall discourse of the rare adventures &amp; painefull peregrinations of long nineteene yeares travayles :</subfield><subfield code='b'>from Scotland to the most famous kingdomes in Europe, Asia and Affrica /</subfield><subfield code='c'>by William Lithgow.</subfield></datafield><datafield ind1=' ' ind2=' ' tag='260'><subfield code='a'>Glasgow :</subfield><subfield code='b'>J. MacLehose,</subfield><subfield code='c'>1906.</subfield></datafield><datafield ind1=' ' ind2=' ' tag='300'><subfield code='a'>xxxi, 448 pages :</subfield><subfield code='b'>frontispiece, plates, portraits (1 folded) ;</subfield><subfield code='c'>23 cm</subfield></datafield><datafield ind1=' ' ind2=' ' tag='336'><subfield code='a'>text</subfield><subfield code='b'>txt</subfield><subfield code='2'>rdacontent</subfield></datafield><datafield ind1=' ' ind2=' ' tag='337'><subfield code='a'>unmediated</subfield><subfield code='b'>n</subfield><subfield code='2'>rdamedia</subfield></datafield><datafield ind1=' ' ind2=' ' tag='500'><subfield code='a'>&quot;Reprint of the \u0027editio princeps\u0027 of 1632,&quot; with reproduction of original t.-p.</subfield></datafield><datafield ind1=' ' ind2='0' tag='650'><subfield code='a'>Voyages and travels.</subfield><subfield code='0'>http://id.loc.gov/authorities/subjects/sh85144443</subfield></datafield><datafield ind1=' ' ind2='0' tag='651'><subfield code='a'>Egypt</subfield><subfield code='x'>Description and travel.</subfield><subfield code='0'>http://id.loc.gov/authorities/subjects/sh85041273</subfield></datafield><datafield ind1=' ' ind2='0' tag='651'><subfield code='a'>Africa, North</subfield><subfield code='x'>Description and travel.</subfield><subfield code='0'>http://id.loc.gov/authorities/subjects/sh85001632</subfield></datafield><datafield ind1=' ' ind2=' ' tag='901'><subfield code='a'>3944fff0-3d1d-46bc-a2c4-3bc34c96c30d</subfield><subfield code='b'>13</subfield><subfield code='c'>false</subfield></datafield><datafield ind1='8' ind2='0' tag='852'><subfield code='h'>910.4 L714</subfield><subfield code='0'>3975378</subfield><subfield code='b'>scsbcul</subfield></datafield><datafield ind1=' ' ind2=' ' tag='876'><subfield code='0'>3975378</subfield><subfield code='a'>5792414</subfield><subfield code='h'>In Library Use</subfield><subfield code='j'>Available</subfield><subfield code='p'>CU60705400</subfield><subfield code='t'>1</subfield><subfield code='x'>Shared</subfield><subfield code='z'>CU</subfield><subfield code='l'>RECAP</subfield></datafield></record>