
<record><leader>01960cam a2200361   4500</leader><controlfield tag='001'>SCSB-3841661</controlfield><controlfield tag='003'>NNC</controlfield><controlfield tag='005'>20221012185957.0</controlfield><controlfield tag='008'>740208s1973    ua a          001 0 fre  </controlfield><controlfield tag='009'>2530021</controlfield><datafield ind1=' ' ind2=' ' tag='010'><subfield code='a'>   73960369 </subfield></datafield><datafield ind1=' ' ind2=' ' tag='035'><subfield code='a'>(OCoLC)ocm00938663</subfield></datafield><datafield ind1=' ' ind2=' ' tag='035'><subfield code='9'>AQL1064CU</subfield></datafield><datafield ind1=' ' ind2=' ' tag='035'><subfield code='a'>(NNC)2530021</subfield></datafield><datafield ind1=' ' ind2=' ' tag='035'><subfield code='a'>2530021</subfield></datafield><datafield ind1=' ' ind2=' ' tag='040'><subfield code='a'>DLC</subfield><subfield code='c'>DLC</subfield><subfield code='d'>OCL</subfield><subfield code='d'>ZCU</subfield></datafield><datafield ind1='1' ind2=' ' tag='041'><subfield code='a'>freeng</subfield></datafield><datafield ind1=' ' ind2=' ' tag='043'><subfield code='a'>f-ua---</subfield></datafield><datafield ind1='0' ind2='0' tag='050'><subfield code='a'>DT51</subfield><subfield code='b'>.V64</subfield></datafield><datafield ind1='1' ind2=' ' tag='100'><subfield code='a'>Volkoff, Oleg V.,</subfield><subfield code='e'>compiler.</subfield><subfield code='4'>http://id.loc.gov/vocabulary/relators/com</subfield><subfield code='0'>http://id.loc.gov/authorities/names/n82124155</subfield></datafield><datafield ind1='1' ind2='0' tag='245'><subfield code='a'>Voyages en Egypte des années 1611 et 1612: Georges Sandys, William Lithgow /</subfield><subfield code='c'>Traduit, présenté et annoté par Oleg V. Volkoff.</subfield></datafield><datafield ind1=' ' ind2=' ' tag='260'><subfield code='a'>[Le Caire] :</subfield><subfield code='b'>[Institut français d&apos;archéologie orientale],</subfield><subfield code='c'>[1973]</subfield></datafield><datafield ind1=' ' ind2=' ' tag='300'><subfield code='a'>357 pages :</subfield><subfield code='b'>illustrations ;</subfield><subfield code='c'>20 cm.</subfield></datafield><datafield ind1=' ' ind2=' ' tag='336'><subfield code='a'>text</subfield><subfield code='b'>txt</subfield><subfield code='2'>rdacontent</subfield></datafield><datafield ind1=' ' ind2=' ' tag='337'><subfield code='a'>unmediated</subfield><subfield code='b'>n</subfield><subfield code='2'>rdamedia</subfield></datafield><datafield ind1='1' ind2=' ' tag='490'><subfield code='a'>Collection des voyageurs occidentaux en Egypte ;</subfield><subfield code='v'>v. 7</subfield></datafield><datafield ind1=' ' ind2=' ' tag='500'><subfield code='a'>Translation of book 2 of Sandys&apos; A relation of a journey begun an: Dom: 1610, and of Lithgow&apos;s The totall discourse of the rare aduentures, and painefull peregrinations of long nineteene yeares trauayles, from Scotland, to the most famous kingdomes in Europe, Asia, and Affrica.</subfield></datafield><datafield ind1=' ' ind2=' ' tag='504'><subfield code='a'>Includes bibliographical references.</subfield></datafield><datafield ind1=' ' ind2='0' tag='651'><subfield code='a'>Egypt</subfield><subfield code='x'>Description and travel</subfield><subfield code='v'>Early works to 1800.</subfield><subfield code='0'>http://id.loc.gov/authorities/subjects/sh2008114897</subfield></datafield><datafield ind1='1' ind2='2' tag='700'><subfield code='a'>Sandys, George,</subfield><subfield code='d'>1578-1644.</subfield><subfield code='t'>Relation of a journey begun an: Dom: 1610. Book 2.</subfield><subfield code='l'>French.</subfield><subfield code='f'>1973.</subfield></datafield><datafield ind1='1' ind2='2' tag='700'><subfield code='a'>Lithgow, William,</subfield><subfield code='d'>1582-1645?</subfield><subfield code='t'>Totall discourse of the rare adventures, and painefull peregrinations of long nineteene yeares travayles, from Scotland to the most famous kingdomes in Europe, Asia, and Affrica.</subfield><subfield code='l'>French.</subfield><subfield code='f'>1973.</subfield></datafield><datafield ind1=' ' ind2='0' tag='830'><subfield code='a'>Collection des voyageurs occidentaux en Egypte ;</subfield><subfield code='v'>7.</subfield><subfield code='0'>http://id.loc.gov/authorities/names/n42003444</subfield></datafield><datafield ind1=' ' ind2=' ' tag='901'><subfield code='a'>779f13a8-66f3-4d43-8782-e901b090b964</subfield><subfield code='b'>9</subfield><subfield code='c'>false</subfield></datafield><datafield ind1='0' ind2='0' tag='852'><subfield code='h'>DT51 .V64</subfield><subfield code='0'>3853048</subfield><subfield code='b'>scsbcul</subfield></datafield><datafield ind1=' ' ind2=' ' tag='876'><subfield code='0'>3853048</subfield><subfield code='a'>5658342</subfield><subfield code='h'> </subfield><subfield code='j'>Available</subfield><subfield code='p'>CU52858979</subfield><subfield code='t'>1</subfield><subfield code='x'>Open</subfield><subfield code='z'>CU</subfield><subfield code='l'>RECAP</subfield></datafield></record>