
<record><leader>01094cam a2200301   4500</leader><controlfield tag='001'>SCSB-3004225</controlfield><controlfield tag='003'>NNC</controlfield><controlfield tag='005'>20220601225636.0</controlfield><controlfield tag='008'>740823s1950    nyuabc        000 0beng  </controlfield><controlfield tag='009'>1188552</controlfield><datafield ind1=' ' ind2=' ' tag='010'><subfield code='a'>   50014626 </subfield></datafield><datafield ind1=' ' ind2=' ' tag='035'><subfield code='a'>(OCoLC)ocm00987999</subfield></datafield><datafield ind1=' ' ind2=' ' tag='035'><subfield code='9'>AGR1264CU</subfield></datafield><datafield ind1=' ' ind2=' ' tag='035'><subfield code='a'>(NNC)1188552</subfield></datafield><datafield ind1=' ' ind2=' ' tag='035'><subfield code='a'>1188552</subfield></datafield><datafield ind1=' ' ind2=' ' tag='040'><subfield code='a'>DLC</subfield><subfield code='c'>CIN</subfield><subfield code='d'>m.c.</subfield><subfield code='d'>OCL</subfield><subfield code='d'>SER</subfield><subfield code='d'>ZCU</subfield></datafield><datafield ind1='0' ind2='0' tag='050'><subfield code='a'>CT275.M46553</subfield><subfield code='b'>V3</subfield></datafield><datafield ind1='0' ind2=' ' tag='082'><subfield code='a'>920.7</subfield></datafield><datafield ind1='1' ind2=' ' tag='100'><subfield code='a'>Van Doren, Carl,</subfield><subfield code='d'>1885-1950.</subfield><subfield code='0'>http://id.loc.gov/authorities/names/n79078154</subfield></datafield><datafield ind1='1' ind2='0' tag='245'><subfield code='a'>Jane Mecom, the favorite sister of Benjamin Franklin ;</subfield><subfield code='b'>her life here first fully narrated from their entire surviving correspondence.</subfield></datafield><datafield ind1=' ' ind2=' ' tag='260'><subfield code='a'>New York :</subfield><subfield code='b'>Viking Press,</subfield><subfield code='c'>1950.</subfield></datafield><datafield ind1=' ' ind2=' ' tag='300'><subfield code='a'>vii, 255 pages :</subfield><subfield code='b'>illustrations, portraits, map ;</subfield><subfield code='c'>22 cm</subfield></datafield><datafield ind1=' ' ind2=' ' tag='336'><subfield code='a'>text</subfield><subfield code='2'>rdacontent</subfield></datafield><datafield ind1=' ' ind2=' ' tag='337'><subfield code='a'>unmediated</subfield><subfield code='2'>rdamedia</subfield></datafield><datafield ind1=' ' ind2=' ' tag='338'><subfield code='a'>volume</subfield><subfield code='2'>rdacarrier</subfield></datafield><datafield ind1='1' ind2='0' tag='600'><subfield code='a'>Mecom, Jane,</subfield><subfield code='d'>1712-1794.</subfield><subfield code='0'>http://id.loc.gov/authorities/names/no2008038663</subfield></datafield><datafield ind1='1' ind2='0' tag='600'><subfield code='a'>Franklin, Benjamin,</subfield><subfield code='d'>1706-1790.</subfield><subfield code='0'>http://id.loc.gov/authorities/names/n79043402</subfield></datafield><datafield ind1=' ' ind2=' ' tag='901'><subfield code='a'>e8458b4e-d69a-4f35-8902-487cf933448b</subfield><subfield code='b'>13</subfield><subfield code='c'>false</subfield></datafield><datafield ind1='8' ind2='0' tag='852'><subfield code='h'>973.309 F858</subfield><subfield code='0'>2983912</subfield><subfield code='b'>scsbcul</subfield></datafield><datafield ind1=' ' ind2=' ' tag='876'><subfield code='0'>2983912</subfield><subfield code='a'>4637173</subfield><subfield code='h'> </subfield><subfield code='j'>Available</subfield><subfield code='p'>CU01441523</subfield><subfield code='t'>1</subfield><subfield code='x'>Open</subfield><subfield code='z'>CU</subfield><subfield code='l'>RECAP</subfield></datafield><datafield ind1='8' ind2='0' tag='852'><subfield code='h'>92M466 V</subfield><subfield code='0'>2983913</subfield><subfield code='b'>scsbcul</subfield></datafield><datafield ind1=' ' ind2=' ' tag='876'><subfield code='0'>2983913</subfield><subfield code='a'>4637174</subfield><subfield code='h'> </subfield><subfield code='j'>Available</subfield><subfield code='p'>1001996576</subfield><subfield code='t'>1</subfield><subfield code='x'>Open</subfield><subfield code='z'>CU</subfield><subfield code='l'>RECAP</subfield></datafield></record>