
<record><leader>00773nam a2200241I  4500</leader><controlfield tag='001'>SCSB-11752223</controlfield><controlfield tag='005'>20020606095253.2</controlfield><controlfield tag='008'>790801s1929    mau           000 0 eng c</controlfield><controlfield tag='009'>990047225020203941</controlfield><datafield ind1=' ' ind2=' ' tag='010'><subfield code='a'>a^^34002185^</subfield></datafield><datafield ind1=' ' ind2=' ' tag='035'><subfield code='a'>(OCoLC)5229524</subfield></datafield><datafield ind1=' ' ind2=' ' tag='040'><subfield code='a'>Newberry Library</subfield><subfield code='c'>LDL</subfield><subfield code='d'>HLS</subfield></datafield><datafield ind1='1' ind2=' ' tag='050'><subfield code='a'>E172</subfield><subfield code='b'>.A35 vol.38</subfield></datafield><datafield ind1='1' ind2=' ' tag='100'><subfield code='a'>Eames, Wilberforce,</subfield><subfield code='d'>1855-1937</subfield></datafield><datafield ind1='1' ind2='4' tag='245'><subfield code='a'>The Antigua press and Benjamin Mecom, 1748-1765,</subfield><subfield code='c'>by Wilberforce Eames.</subfield></datafield><datafield ind1=' ' ind2=' ' tag='260'><subfield code='a'>Worcester, Mass.,</subfield><subfield code='c'>1929.</subfield></datafield><datafield ind1=' ' ind2=' ' tag='300'><subfield code='a'>p. 303-348.</subfield><subfield code='c'>25 cm.</subfield></datafield><datafield ind1='0' ind2=' ' tag='490'><subfield code='a'>American Antiquarian Society, Worcester, Mass. Proceedings, n.s.,</subfield><subfield code='v'>v. 38</subfield></datafield><datafield ind1='1' ind2='0' tag='600'><subfield code='a'>Mecom, Benjamin,</subfield><subfield code='d'>1732-</subfield></datafield><datafield ind1=' ' ind2='0' tag='650'><subfield code='a'>Antigua press.</subfield></datafield><datafield ind1='0' ind2='8' tag='776'><subfield code='i'>Online version:</subfield><subfield code='a'>Eames, Wilberforce, 1855-1937. https://id.oclc.org/worldcat/entity/E39PBJfgYDDr8KXxMqW6GpkCcP.</subfield><subfield code='t'>Antigua press and Benjamin Mecom, 1748-1765.</subfield><subfield code='d'>Worcester, Mass., 1929</subfield><subfield code='w'>(OCoLC)1468638973</subfield></datafield><datafield ind1='1' ind2=' ' tag='583'><subfield code='a'>committed to retain</subfield><subfield code='c'>20181001</subfield><subfield code='d'>in perpetuity</subfield><subfield code='f'>ReCAP Shared Collection</subfield><subfield code='5'>HUL</subfield><subfield code='8'>221913952960003941</subfield></datafield><datafield ind1='7' ind2=' ' tag='852'><subfield code='2'>ZHCL</subfield><subfield code='c'>HD</subfield><subfield code='h'>B 5043.5</subfield><subfield code='0'>12570265</subfield><subfield code='b'>scsbhl</subfield></datafield><datafield ind1=' ' ind2=' ' tag='876'><subfield code='0'>12570265</subfield><subfield code='a'>18351904</subfield><subfield code='h'> </subfield><subfield code='j'>Available</subfield><subfield code='k'>WID</subfield><subfield code='p'>HNKUIR</subfield><subfield code='x'>Shared</subfield><subfield code='z'>HW</subfield><subfield code='l'>HD</subfield></datafield></record>