
<record><leader>01788cam a2200421I  4500</leader><controlfield tag='001'>SCSB-8195890</controlfield><controlfield tag='003'>OCoLC</controlfield><controlfield tag='005'>19990222110304.7</controlfield><controlfield tag='008'>720530s1950    njuach        000 0ceng  </controlfield><controlfield tag='009'>.b131169178</controlfield><datafield ind1=' ' ind2=' ' tag='010'><subfield code='a'>50010857</subfield></datafield><datafield ind1=' ' ind2=' ' tag='015'><subfield code='a'>GB51-4424</subfield></datafield><datafield ind1=' ' ind2=' ' tag='019'><subfield code='a'>522364</subfield></datafield><datafield ind1=' ' ind2=' ' tag='040'><subfield code='a'>DLC</subfield><subfield code='c'>WCW</subfield><subfield code='d'>SER</subfield><subfield code='d'>OCL</subfield><subfield code='d'>WSU</subfield><subfield code='d'>XBM</subfield><subfield code='d'>UKM</subfield><subfield code='d'>NYP</subfield><subfield code='d'>WaOLN</subfield></datafield><datafield ind1=' ' ind2=' ' tag='049'><subfield code='a'>NYPG</subfield></datafield><datafield ind1='0' ind2='0' tag='050'><subfield code='a'>E302.6.F75</subfield><subfield code='b'>A185</subfield></datafield><datafield ind1=' ' ind2=' ' tag='051'><subfield code='a'>Q11</subfield><subfield code='b'>.P612 vol.27</subfield><subfield code='c'>Copy 2.</subfield></datafield><datafield ind1='0' ind2='0' tag='082'><subfield code='a'>923.273</subfield></datafield><datafield ind1='1' ind2=' ' tag='100'><subfield code='a'>Franklin, Benjamin,</subfield><subfield code='d'>1706-1790.</subfield></datafield><datafield ind1='1' ind2='4' tag='245'><subfield code='a'>The letters of Benjamin Franklin &amp; Jane Mecom,</subfield><subfield code='c'>edited with an introd., by Carl Van Doren.</subfield></datafield><datafield ind1=' ' ind2=' ' tag='260'><subfield code='a'>[Princeton],</subfield><subfield code='b'>Published for the American Philosophical Society by the Princeton University Press,</subfield><subfield code='c'>1950.</subfield></datafield><datafield ind1=' ' ind2=' ' tag='300'><subfield code='a'>xx, 380 p.</subfield><subfield code='b'>illus., port., facsims.</subfield><subfield code='c'>25 cm.</subfield></datafield><datafield ind1=' ' ind2='0' tag='440'><subfield code='a'>Memoirs of the American Philosophical Society ;</subfield><subfield code='v'>v. 27</subfield></datafield><datafield ind1='1' ind2=' ' tag='541'><subfield code='c'>Gift;</subfield><subfield code='a'>New York Genealogical and Biographical Society;</subfield><subfield code='d'>2008.</subfield></datafield><datafield ind1='1' ind2='0' tag='600'><subfield code='a'>Franklin, Benjamin,</subfield><subfield code='d'>1706-1790.</subfield></datafield><datafield ind1='1' ind2='0' tag='600'><subfield code='a'>Mecom, Jane Franklin,</subfield><subfield code='d'>1712-1794.</subfield></datafield><datafield ind1='1' ind2='0' tag='600'><subfield code='a'>Van Doren, Carl,</subfield><subfield code='d'>1885-1950,</subfield><subfield code='e'>ed.</subfield></datafield><datafield ind1='1' ind2=' ' tag='700'><subfield code='a'>Mecom, Jane Franklin,</subfield><subfield code='d'>1712-1794.</subfield></datafield><datafield ind1='1' ind2=' ' tag='700'><subfield code='a'>Van Doren, Carl,</subfield><subfield code='d'>1885-1950.</subfield></datafield><datafield ind1='2' ind2=' ' tag='791'><subfield code='a'>New York Genealogical and Biographical Society Collection.</subfield></datafield><datafield ind1='0' ind2=' ' tag='799'><subfield code='a'>Gift of New York Genealogical and Biographical Society.</subfield></datafield><datafield ind1=' ' ind2=' ' tag='907'><subfield code='a'>.b131169178</subfield><subfield code='c'>m</subfield><subfield code='d'>a</subfield><subfield code='e'>-</subfield><subfield code='f'>eng</subfield><subfield code='g'>nju</subfield><subfield code='h'>4</subfield><subfield code='i'>2</subfield></datafield><datafield ind1=' ' ind2=' ' tag='035'><subfield code='a'>(OCoLC)319270</subfield></datafield><datafield ind1='8' ind2=' ' tag='852'><subfield code='h'>NBV (Franklin, B. Letters of Benjamin Franklin &amp; Jane Mecom)</subfield><subfield code='0'>8346185</subfield><subfield code='b'>scsbnypl</subfield></datafield><datafield ind1=' ' ind2=' ' tag='876'><subfield code='0'>8346185</subfield><subfield code='a'>13705340</subfield><subfield code='j'>Available</subfield><subfield code='p'>33433080972429</subfield><subfield code='t'>1</subfield><subfield code='x'>Shared</subfield><subfield code='z'>NA</subfield><subfield code='l'>RECAP</subfield></datafield><datafield ind1='8' ind2=' ' tag='852'><subfield code='h'>NYGB E 302.6 F75 A185</subfield><subfield code='0'>8346186</subfield><subfield code='b'>scsbnypl</subfield></datafield><datafield ind1=' ' ind2=' ' tag='876'><subfield code='0'>8346186</subfield><subfield code='a'>13705341</subfield><subfield code='j'>Available</subfield><subfield code='p'>33433083456479</subfield><subfield code='t'>1</subfield><subfield code='x'>Shared</subfield><subfield code='z'>NA</subfield><subfield code='l'>RECAP</subfield></datafield></record>