
<record><leader>01261cam a2200361 a 4500</leader><controlfield tag='001'>SCSB-2325237</controlfield><controlfield tag='003'>NNC</controlfield><controlfield tag='005'>20220518224043.0</controlfield><controlfield tag='008'>850613s1984    gw       b    000 0 ger  </controlfield><controlfield tag='009'>253518</controlfield><datafield ind1=' ' ind2=' ' tag='010'><subfield code='a'>   84174245 </subfield></datafield><datafield ind1=' ' ind2=' ' tag='020'><subfield code='a'>3534084276</subfield></datafield><datafield ind1=' ' ind2=' ' tag='035'><subfield code='a'>(OCoLC)ocm11850690</subfield></datafield><datafield ind1=' ' ind2=' ' tag='035'><subfield code='a'>(CStRLIN)NYCG84-B59086</subfield></datafield><datafield ind1=' ' ind2=' ' tag='035'><subfield code='9'>ABC6750CU</subfield></datafield><datafield ind1=' ' ind2=' ' tag='035'><subfield code='a'>(NNC)253518</subfield></datafield><datafield ind1=' ' ind2=' ' tag='035'><subfield code='a'>253518</subfield></datafield><datafield ind1=' ' ind2=' ' tag='040'><subfield code='a'>DLC</subfield><subfield code='c'>DLC</subfield><subfield code='d'>m/c</subfield></datafield><datafield ind1='0' ind2='0' tag='050'><subfield code='a'>PJ7737</subfield><subfield code='b'>.G7 1984</subfield></datafield><datafield ind1='0' ind2=' ' tag='082'><subfield code='a'>398.2/2</subfield><subfield code='2'>19</subfield></datafield><datafield ind1='1' ind2=' ' tag='100'><subfield code='a'>Grotzfeld, Heinz,</subfield><subfield code='d'>1933-</subfield><subfield code='0'>http://id.loc.gov/authorities/names/n84128105</subfield></datafield><datafield ind1='1' ind2='4' tag='245'><subfield code='a'>Die Erzählungen aus &quot;Tausendundeiner Nacht&quot; /</subfield><subfield code='c'>Heinz und Sophia Grotzfeld.</subfield></datafield><datafield ind1=' ' ind2=' ' tag='260'><subfield code='a'>Darmstadt :</subfield><subfield code='b'>Wissenschaftliche Buchgesellschaft,</subfield><subfield code='c'>1984.</subfield></datafield><datafield ind1=' ' ind2=' ' tag='300'><subfield code='a'>viii, 143 pages ;</subfield><subfield code='c'>20 cm.</subfield></datafield><datafield ind1=' ' ind2=' ' tag='336'><subfield code='a'>text</subfield><subfield code='2'>rdacontent</subfield></datafield><datafield ind1=' ' ind2=' ' tag='337'><subfield code='a'>unmediated</subfield><subfield code='2'>rdamedia</subfield></datafield><datafield ind1=' ' ind2=' ' tag='338'><subfield code='a'>volume</subfield><subfield code='2'>rdacarrier</subfield></datafield><datafield ind1='1' ind2=' ' tag='490'><subfield code='a'>Erträge der Forschung,</subfield><subfield code='x'>0174-0695 ;</subfield><subfield code='v'>Bd. 207</subfield></datafield><datafield ind1=' ' ind2=' ' tag='504'><subfield code='a'>Bibliography: p. 121-126.</subfield></datafield><datafield ind1='0' ind2='0' tag='630'><subfield code='a'>Arabian nights.</subfield><subfield code='0'>http://id.loc.gov/authorities/names/n80008548</subfield></datafield><datafield ind1='1' ind2=' ' tag='700'><subfield code='a'>Grotzfeld, Sophia,</subfield><subfield code='d'>1934-</subfield><subfield code='0'>http://id.loc.gov/authorities/names/n84128106</subfield></datafield><datafield ind1=' ' ind2='0' tag='830'><subfield code='a'>Erträge der Forschung ;</subfield><subfield code='v'>Bd. 207.</subfield><subfield code='0'>http://id.loc.gov/authorities/names/n42010762</subfield></datafield><datafield ind1=' ' ind2=' ' tag='901'><subfield code='a'>e1dcb3ea-f967-46c6-ba3d-9d672a66f323</subfield><subfield code='b'>29</subfield><subfield code='c'>false</subfield></datafield><datafield ind1='0' ind2='0' tag='852'><subfield code='h'>PJ7737 .G7 1984</subfield><subfield code='0'>2295557</subfield><subfield code='b'>scsbcul</subfield></datafield><datafield ind1=' ' ind2=' ' tag='876'><subfield code='0'>2295557</subfield><subfield code='a'>3491636</subfield><subfield code='h'> </subfield><subfield code='j'>Available</subfield><subfield code='p'>CU01072390</subfield><subfield code='t'>1</subfield><subfield code='x'>Open</subfield><subfield code='z'>CU</subfield><subfield code='l'>RECAP</subfield></datafield></record>