
<record><leader>00983cam a2200301 a 4500</leader><controlfield tag='001'>SCSB-7693143</controlfield><controlfield tag='005'>19990212092424.7</controlfield><controlfield tag='008'>840515s1984    gw       b    000 0 ger  </controlfield><controlfield tag='009'>.b108576188</controlfield><datafield ind1=' ' ind2=' ' tag='010'><subfield code='a'>84174245</subfield></datafield><datafield ind1=' ' ind2=' ' tag='020'><subfield code='a'>3534084276</subfield></datafield><datafield ind1=' ' ind2=' ' tag='040'><subfield code='d'>CStRLIN</subfield><subfield code='d'>NN</subfield><subfield code='d'>WaOLN</subfield></datafield><datafield ind1='0' ind2='0' tag='050'><subfield code='a'>PJ7737</subfield><subfield code='b'>.G7 1984</subfield></datafield><datafield ind1='0' ind2='0' tag='082'><subfield code='a'>398.2/2</subfield><subfield code='2'>19</subfield></datafield><datafield ind1='1' ind2=' ' tag='100'><subfield code='a'>Grotzfeld, Heinz,</subfield><subfield code='d'>1933-</subfield></datafield><datafield ind1='1' ind2='4' tag='245'><subfield code='a'>Die Erzählungen aus &quot;Tausendundeiner Nacht&quot; /</subfield><subfield code='c'>Heinz und Sophia Grotzfeld.</subfield></datafield><datafield ind1=' ' ind2=' ' tag='260'><subfield code='a'>Darmstadt :</subfield><subfield code='b'>Wissenschaftliche Buchgesellschaft,</subfield><subfield code='c'>1984.</subfield></datafield><datafield ind1=' ' ind2=' ' tag='300'><subfield code='a'>viii, 143 p. ;</subfield><subfield code='c'>20 cm.</subfield></datafield><datafield ind1='0' ind2=' ' tag='490'><subfield code='a'>Erträge der Forschung,</subfield><subfield code='x'>0174-0695 ;</subfield><subfield code='v'>Bd. 207</subfield></datafield><datafield ind1=' ' ind2=' ' tag='504'><subfield code='a'>Bibliography: p. 121-126.</subfield></datafield><datafield ind1='0' ind2='0' tag='630'><subfield code='a'>Arabian nights.</subfield></datafield><datafield ind1='1' ind2=' ' tag='700'><subfield code='a'>Grotzfeld, Sophia,</subfield><subfield code='d'>1934-</subfield></datafield><datafield ind1=' ' ind2=' ' tag='907'><subfield code='a'>.b108576188</subfield><subfield code='c'>m</subfield><subfield code='d'>a</subfield><subfield code='e'>-</subfield><subfield code='f'>ger</subfield><subfield code='g'>gw</subfield><subfield code='h'>4</subfield><subfield code='i'>1</subfield></datafield><datafield ind1=' ' ind2=' ' tag='991'><subfield code='y'>11850690</subfield></datafield><datafield ind1=' ' ind2=' ' tag='035'><subfield code='a'>(OCoLC)11850690</subfield></datafield><datafield ind1=' ' ind2=' ' tag='901'><subfield code='a'>e1dcb3ea-f967-46c6-ba3d-9d672a66f323</subfield><subfield code='b'>29</subfield><subfield code='c'>false</subfield></datafield><datafield ind1='8' ind2=' ' tag='852'><subfield code='h'>*OFE 85-2008</subfield><subfield code='0'>7827139</subfield><subfield code='b'>scsbnypl</subfield></datafield><datafield ind1=' ' ind2=' ' tag='876'><subfield code='0'>7827139</subfield><subfield code='a'>12799897</subfield><subfield code='j'>Available</subfield><subfield code='p'>33433001997638</subfield><subfield code='t'>1</subfield><subfield code='x'>Open</subfield><subfield code='z'>NA</subfield><subfield code='l'>RECAP</subfield></datafield></record>