
<record><leader>01356cam a2200373 i 4500</leader><controlfield tag='001'>SCSB-6746656</controlfield><controlfield tag='003'>OCoLC</controlfield><controlfield tag='005'>20130726090353.0</controlfield><controlfield tag='008'>120720s2012    gw       b    000 0 ger c</controlfield><controlfield tag='009'>.b198938068</controlfield><datafield ind1=' ' ind2=' ' tag='020'><subfield code='a'>9783936687415 (pbk.)</subfield></datafield><datafield ind1=' ' ind2=' ' tag='020'><subfield code='a'>3936687412 (pbk.)</subfield></datafield><datafield ind1=' ' ind2=' ' tag='040'><subfield code='a'>OHX</subfield><subfield code='b'>eng</subfield><subfield code='e'>rda</subfield><subfield code='c'>OHX</subfield><subfield code='d'>OCLCO</subfield><subfield code='d'>CGU</subfield><subfield code='d'>OCLCQ</subfield><subfield code='d'>NYP</subfield></datafield><datafield ind1=' ' ind2=' ' tag='042'><subfield code='a'>pcc</subfield></datafield><datafield ind1=' ' ind2=' ' tag='049'><subfield code='a'>NYPP</subfield></datafield><datafield ind1=' ' ind2='4' tag='050'><subfield code='a'>PJ7737</subfield><subfield code='b'>.G768 2012</subfield></datafield><datafield ind1=' ' ind2='7' tag='072'><subfield code='a'>PJ</subfield><subfield code='2'>lcco</subfield></datafield><datafield ind1='1' ind2=' ' tag='100'><subfield code='a'>Grotzfeld, Heinz,</subfield><subfield code='d'>1933-</subfield></datafield><datafield ind1='1' ind2='4' tag='245'><subfield code='a'>Die Erzählungen aus Tausendundeiner Nacht /</subfield><subfield code='c'>von Heinz und Sophia Grotzfeld.</subfield></datafield><datafield ind1=' ' ind2=' ' tag='250'><subfield code='a'>2., von den Verfassern aktualisierte Auflage.</subfield></datafield><datafield ind1=' ' ind2='1' tag='264'><subfield code='a'>Dortmund :</subfield><subfield code='b'>Verlag für Orientkunde,</subfield><subfield code='c'>2012.</subfield></datafield><datafield ind1=' ' ind2=' ' tag='300'><subfield code='a'>148 pages ;</subfield><subfield code='c'>22 cm.</subfield></datafield><datafield ind1=' ' ind2=' ' tag='336'><subfield code='a'>text</subfield><subfield code='b'>txt</subfield><subfield code='2'>rdacontent</subfield></datafield><datafield ind1=' ' ind2=' ' tag='337'><subfield code='a'>unmediated</subfield><subfield code='b'>n</subfield><subfield code='2'>rdamedia</subfield></datafield><datafield ind1=' ' ind2=' ' tag='338'><subfield code='a'>volume</subfield><subfield code='b'>nc</subfield><subfield code='2'>rdacarrier</subfield></datafield><datafield ind1='1' ind2=' ' tag='490'><subfield code='a'>Beiträge zur Kulturgeschichte des Islamischen Orients ;</subfield><subfield code='v'>Bd. 41</subfield></datafield><datafield ind1=' ' ind2=' ' tag='504'><subfield code='a'>Includes bibliographical references.</subfield></datafield><datafield ind1='0' ind2='0' tag='630'><subfield code='a'>Arabian nights</subfield><subfield code='x'>Criticism, interpretation, etc.</subfield></datafield><datafield ind1='1' ind2=' ' tag='700'><subfield code='a'>Grotzfeld, Sophia,</subfield><subfield code='d'>1934-</subfield></datafield><datafield ind1=' ' ind2='0' tag='830'><subfield code='a'>Beiträge zur Kulturgeschichte des islamischen Orients ;</subfield><subfield code='v'>Bd. 41.</subfield></datafield><datafield ind1=' ' ind2=' ' tag='907'><subfield code='a'>.b198938068</subfield><subfield code='c'>m</subfield><subfield code='d'>a</subfield><subfield code='e'>-</subfield><subfield code='f'>ger</subfield><subfield code='g'>gw</subfield><subfield code='h'>4</subfield><subfield code='i'>1</subfield></datafield><datafield ind1=' ' ind2=' ' tag='035'><subfield code='a'>(OCoLC)801441200</subfield></datafield><datafield ind1='8' ind2=' ' tag='852'><subfield code='h'>ReCAP 13-28196</subfield><subfield code='0'>6828790</subfield><subfield code='b'>scsbnypl</subfield></datafield><datafield ind1=' ' ind2=' ' tag='876'><subfield code='0'>6828790</subfield><subfield code='a'>10989093</subfield><subfield code='j'>Available</subfield><subfield code='p'>33433109633812</subfield><subfield code='t'>1</subfield><subfield code='x'>Shared</subfield><subfield code='z'>NA</subfield><subfield code='l'>RECAP</subfield></datafield></record>