
<record><leader>01220cam a2200349Mi 4500</leader><controlfield tag='001'>SCSB-6657653</controlfield><controlfield tag='003'>OCoLC</controlfield><controlfield tag='005'>20110909090838.0</controlfield><controlfield tag='008'>831018s1983    gw           u000 u ger d</controlfield><controlfield tag='009'>.b156513225</controlfield><datafield ind1=' ' ind2=' ' tag='015'><subfield code='a'>83,A50,0510</subfield><subfield code='2'>dnb</subfield></datafield><datafield ind1='7' ind2=' ' tag='016'><subfield code='a'>831204931</subfield><subfield code='2'>DE-101</subfield></datafield><datafield ind1=' ' ind2=' ' tag='020'><subfield code='a'>3876823056</subfield></datafield><datafield ind1=' ' ind2=' ' tag='020'><subfield code='a'>9783876823058</subfield></datafield><datafield ind1=' ' ind2=' ' tag='040'><subfield code='a'>GWDNB</subfield><subfield code='e'>rakwb</subfield><subfield code='b'>ger</subfield><subfield code='c'>GWDNB</subfield><subfield code='d'>HEBIS</subfield><subfield code='d'>OCLCQ</subfield><subfield code='d'>NYP</subfield></datafield><datafield ind1=' ' ind2=' ' tag='049'><subfield code='a'>NYPP</subfield></datafield><datafield ind1=' ' ind2=' ' tag='084'><subfield code='a'>59</subfield><subfield code='a'>810</subfield><subfield code='a'>820</subfield><subfield code='a'>830</subfield><subfield code='a'>839</subfield><subfield code='a'>840</subfield><subfield code='a'>850</subfield><subfield code='a'>860</subfield><subfield code='a'>870</subfield><subfield code='a'>880</subfield><subfield code='a'>890</subfield><subfield code='a'>B</subfield><subfield code='2'>sdnb</subfield></datafield><datafield ind1='0' ind2=' ' tag='130'><subfield code='a'>Alf laila wa-laila.</subfield><subfield code='l'>Deutsch.</subfield></datafield><datafield ind1='1' ind2='0' tag='245'><subfield code='a'>Geschichten aus tausendundeiner Nacht :</subfield><subfield code='b'>[aus d. Arab.] /</subfield><subfield code='c'>[Übers. von Max Henning].</subfield></datafield><datafield ind1=' ' ind2=' ' tag='250'><subfield code='a'>1. Aufl.</subfield></datafield><datafield ind1=' ' ind2=' ' tag='260'><subfield code='a'>Frankfurt am Main :</subfield><subfield code='b'>Röderberg-Verlag,</subfield><subfield code='c'>1983.</subfield></datafield><datafield ind1=' ' ind2=' ' tag='300'><subfield code='a'>341 p. ;</subfield><subfield code='c'>18 cm.</subfield></datafield><datafield ind1='1' ind2=' ' tag='490'><subfield code='a'>Röderberg-Taschenbuch ;</subfield><subfield code='v'>Bd. 112</subfield></datafield><datafield ind1=' ' ind2=' ' tag='500'><subfield code='a'>Teilausg. - Lizenz d. Reclam-Verl., Leipzig.</subfield></datafield><datafield ind1=' ' ind2='0' tag='650'><subfield code='a'>German literature</subfield><subfield code='y'>20th century.</subfield></datafield><datafield ind1='1' ind2=' ' tag='700'><subfield code='a'>Henning, Max,</subfield><subfield code='e'>Übers.</subfield></datafield><datafield ind1=' ' ind2='0' tag='830'><subfield code='a'>Röderberg-Taschenbuch ;</subfield><subfield code='v'>Bd. 112.</subfield></datafield><datafield ind1=' ' ind2=' ' tag='907'><subfield code='a'>.b156513225</subfield><subfield code='c'>m</subfield><subfield code='d'>a</subfield><subfield code='e'>-</subfield><subfield code='f'>ger</subfield><subfield code='g'>gw</subfield><subfield code='h'>0</subfield><subfield code='i'>1</subfield></datafield><datafield ind1=' ' ind2=' ' tag='991'><subfield code='y'>144707862</subfield></datafield><datafield ind1=' ' ind2=' ' tag='035'><subfield code='a'>(OCoLC)144707862</subfield></datafield><datafield ind1=' ' ind2=' ' tag='901'><subfield code='a'>4fe6a4f8-1a95-49db-b885-7b121281c1d9</subfield><subfield code='b'>17</subfield><subfield code='c'>false</subfield></datafield><datafield ind1='8' ind2=' ' tag='852'><subfield code='h'>ReCAP 11-28600</subfield><subfield code='0'>6738115</subfield><subfield code='b'>scsbnypl</subfield></datafield><datafield ind1=' ' ind2=' ' tag='876'><subfield code='0'>6738115</subfield><subfield code='a'>10888663</subfield><subfield code='j'>Available</subfield><subfield code='p'>33433064719978</subfield><subfield code='t'>1</subfield><subfield code='x'>Open</subfield><subfield code='z'>NA</subfield><subfield code='l'>RECAP</subfield></datafield></record>