
<record><leader>00644nam a2200229Ma 4500</leader><controlfield tag='001'>SCSB-11209212</controlfield><controlfield tag='005'>20020606090541.3</controlfield><controlfield tag='008'>891227s1987    gw       b    00010 ger d</controlfield><controlfield tag='009'>990011711390203941</controlfield><datafield ind1=' ' ind2=' ' tag='020'><subfield code='a'>3760813313</subfield></datafield><datafield ind1=' ' ind2=' ' tag='035'><subfield code='a'>(OCoLC)22323836</subfield><subfield code='z'>(OCoLC)144707300</subfield></datafield><datafield ind1=' ' ind2=' ' tag='040'><subfield code='a'>PUL</subfield><subfield code='c'>PUL</subfield><subfield code='d'>HLS</subfield></datafield><datafield ind1=' ' ind2='4' tag='050'><subfield code='a'>PJ7737</subfield><subfield code='b'>.W3 1987</subfield></datafield><datafield ind1=' ' ind2=' ' tag='090'><subfield code='a'>x</subfield></datafield><datafield ind1='1' ind2=' ' tag='100'><subfield code='a'>Walther, Wiebke.</subfield></datafield><datafield ind1='1' ind2='0' tag='245'><subfield code='a'>Tausendundeine Nacht :</subfield><subfield code='b'>eine Einführung /</subfield><subfield code='c'>von Wiebke Walther.</subfield></datafield><datafield ind1='3' ind2=' ' tag='246'><subfield code='a'>1001 Nacht</subfield></datafield><datafield ind1=' ' ind2=' ' tag='260'><subfield code='a'>München :</subfield><subfield code='b'>Artemis,</subfield><subfield code='c'>c1987.</subfield></datafield><datafield ind1=' ' ind2=' ' tag='300'><subfield code='a'>174 p. ;</subfield><subfield code='c'>19 cm.</subfield></datafield><datafield ind1='1' ind2=' ' tag='490'><subfield code='a'>Artemis Einführungen ;</subfield><subfield code='v'>Bd. 31</subfield></datafield><datafield ind1=' ' ind2=' ' tag='504'><subfield code='a'>Includes bibliographical references (p. 166-173)</subfield></datafield><datafield ind1='0' ind2='0' tag='630'><subfield code='a'>Arabian nights</subfield></datafield><datafield ind1='0' ind2='8' tag='776'><subfield code='i'>Online version:</subfield><subfield code='a'>Walther, Wiebke.</subfield><subfield code='t'>Tausendundeine Nacht.</subfield><subfield code='d'>München : Artemis, ©1987</subfield><subfield code='w'>(OCoLC)891968479</subfield></datafield><datafield ind1=' ' ind2='0' tag='830'><subfield code='a'>Artemis Einführungen ;</subfield><subfield code='v'>Bd. 31.</subfield></datafield><datafield ind1='1' ind2=' ' tag='583'><subfield code='a'>committed to retain</subfield><subfield code='c'>20181001</subfield><subfield code='d'>in perpetuity</subfield><subfield code='f'>ReCAP Shared Collection</subfield><subfield code='5'>HUL</subfield><subfield code='8'>221785873060003941</subfield></datafield><datafield ind1='1' ind2=' ' tag='583'><subfield code='a'>committed to retain</subfield><subfield code='c'>20170930</subfield><subfield code='d'>20421231</subfield><subfield code='f'>HathiTrust</subfield><subfield code='5'>HUL</subfield><subfield code='8'>221785873060003941</subfield></datafield><datafield ind1='0' ind2=' ' tag='852'><subfield code='c'>HD</subfield><subfield code='h'>PJ7737</subfield><subfield code='i'>.W3 1987</subfield><subfield code='0'>12011355</subfield><subfield code='b'>scsbhl</subfield></datafield><datafield ind1=' ' ind2=' ' tag='876'><subfield code='0'>12011355</subfield><subfield code='a'>17771988</subfield><subfield code='h'> </subfield><subfield code='j'>Available</subfield><subfield code='k'>WID</subfield><subfield code='p'>HW611K</subfield><subfield code='x'>Shared</subfield><subfield code='z'>HW</subfield><subfield code='l'>HD</subfield></datafield></record>