
<record><leader>01796cam a2200445 i 4500</leader><controlfield tag='001'>SCSB-14085766</controlfield><controlfield tag='003'>NNC</controlfield><controlfield tag='005'>20240626022008.0</controlfield><controlfield tag='008'>210830s2021    it a     b    000 0 ita d</controlfield><controlfield tag='009'>15987804</controlfield><datafield ind1=' ' ind2=' ' tag='020'><subfield code='a'>9791254600009 :</subfield><subfield code='c'>30.00 EUR</subfield></datafield><datafield ind1=' ' ind2=' ' tag='035'><subfield code='a'>(OCoLC)1298589567</subfield></datafield><datafield ind1=' ' ind2=' ' tag='035'><subfield code='a'>(ItFiC)it 51272867</subfield></datafield><datafield ind1=' ' ind2=' ' tag='035'><subfield code='a'>15987804</subfield></datafield><datafield ind1=' ' ind2=' ' tag='040'><subfield code='a'>ItFiC</subfield><subfield code='b'>eng</subfield><subfield code='e'>rda</subfield><subfield code='c'>ItFiC</subfield></datafield><datafield ind1='1' ind2=' ' tag='041'><subfield code='a'>ita</subfield><subfield code='a'>eng</subfield><subfield code='a'>fre</subfield><subfield code='h'>ita</subfield></datafield><datafield ind1=' ' ind2=' ' tag='043'><subfield code='a'>e-it---</subfield></datafield><datafield ind1='0' ind2='0' tag='050'><subfield code='a'>NA5619.S3</subfield><subfield code='b'>P73 2021</subfield></datafield><datafield ind1='1' ind2=' ' tag='100'><subfield code='a'>Pradelli, Giancarlo,</subfield><subfield code='d'>1966-</subfield><subfield code='e'>photographer.</subfield><subfield code='4'>http://id.loc.gov/vocabulary/relators/pht</subfield><subfield code='0'>http://id.loc.gov/authorities/names/nb2006007929</subfield></datafield><datafield ind1='1' ind2='0' tag='245'><subfield code='a'>Temples /</subfield><subfield code='c'>Giancarlo Pradelli.</subfield></datafield><datafield ind1=' ' ind2='1' tag='264'><subfield code='a'>Milan, Italy :</subfield><subfield code='b'>5 continents,</subfield><subfield code='c'>[2021]</subfield></datafield><datafield ind1=' ' ind2=' ' tag='300'><subfield code='a'>91 pages :</subfield><subfield code='b'>illustrations ;</subfield><subfield code='c'>25 x 31 cm</subfield></datafield><datafield ind1=' ' ind2=' ' tag='336'><subfield code='a'>still image</subfield><subfield code='b'>sti</subfield><subfield code='2'>rdacontent</subfield></datafield><datafield ind1=' ' ind2=' ' tag='336'><subfield code='a'>text</subfield><subfield code='b'>txt</subfield><subfield code='2'>rdacontent</subfield></datafield><datafield ind1=' ' ind2=' ' tag='337'><subfield code='a'>unmediated</subfield><subfield code='b'>n</subfield><subfield code='2'>rdamedia</subfield></datafield><datafield ind1=' ' ind2=' ' tag='338'><subfield code='a'>volume</subfield><subfield code='b'>nc</subfield><subfield code='2'>rdacarrier</subfield></datafield><datafield ind1=' ' ind2=' ' tag='546'><subfield code='a'>Text in Italian with English and French translation.</subfield></datafield><datafield ind1=' ' ind2=' ' tag='500'><subfield code='a'>Chiefly illustrated.</subfield></datafield><datafield ind1=' ' ind2=' ' tag='504'><subfield code='a'>Includes bibliographical references.</subfield></datafield><datafield ind1=' ' ind2='0' tag='650'><subfield code='a'>Church buildings</subfield><subfield code='z'>Italy</subfield><subfield code='z'>Sardinia</subfield><subfield code='v'>Pictorial works.</subfield></datafield><datafield ind1=' ' ind2=' ' tag='901'><subfield code='a'>0d2dfec1-afb0-4d8b-b1e6-0fbdcd7b296c</subfield><subfield code='b'>25</subfield><subfield code='c'>false</subfield></datafield><datafield ind1='0' ind2='0' tag='852'><subfield code='h'>NA5619.S3 P73 2021</subfield><subfield code='0'>15025679</subfield><subfield code='b'>scsbcul</subfield></datafield><datafield ind1=' ' ind2=' ' tag='876'><subfield code='0'>15025679</subfield><subfield code='a'>21498189</subfield><subfield code='h'>In Library Use</subfield><subfield code='j'>Available</subfield><subfield code='p'>AR02823616</subfield><subfield code='t'>1</subfield><subfield code='x'>Shared</subfield><subfield code='z'>AR</subfield><subfield code='l'>RECAP</subfield></datafield></record>