
<record><leader>01259cam a22003611i 4500</leader><controlfield tag='001'>SCSB-3873955</controlfield><controlfield tag='003'>NNC</controlfield><controlfield tag='005'>20221012200403.0</controlfield><controlfield tag='008'>730328s1973    nyu      b    001 0 eng  </controlfield><controlfield tag='009'>2585741</controlfield><datafield ind1=' ' ind2=' ' tag='010'><subfield code='a'>   73005615 </subfield></datafield><datafield ind1=' ' ind2=' ' tag='020'><subfield code='a'>0803822944</subfield></datafield><datafield ind1=' ' ind2=' ' tag='035'><subfield code='a'>(OCoLC)609827</subfield></datafield><datafield ind1=' ' ind2=' ' tag='035'><subfield code='a'>(OCoLC)ocm00609827</subfield></datafield><datafield ind1=' ' ind2=' ' tag='035'><subfield code='9'>AQS5083CU</subfield></datafield><datafield ind1=' ' ind2=' ' tag='035'><subfield code='a'>(NNC)2585741</subfield></datafield><datafield ind1=' ' ind2=' ' tag='035'><subfield code='a'>2585741</subfield></datafield><datafield ind1='0' ind2='0' tag='050'><subfield code='a'>Z692.M9</subfield><subfield code='b'>H37</subfield></datafield><datafield ind1='0' ind2=' ' tag='082'><subfield code='a'>027</subfield></datafield><datafield ind1=' ' ind2=' ' tag='090'><subfield code='a'>Z692.M9</subfield><subfield code='b'>H37</subfield></datafield><datafield ind1='1' ind2=' ' tag='100'><subfield code='a'>Harrison, Helen P.</subfield><subfield code='0'>http://id.loc.gov/authorities/names/n81089977</subfield></datafield><datafield ind1='1' ind2='0' tag='245'><subfield code='a'>Film library techniques ;</subfield><subfield code='b'>principles of administration /</subfield><subfield code='c'>[by] Helen P. Harrison. Introd. by A. William Bluem.</subfield></datafield><datafield ind1=' ' ind2=' ' tag='260'><subfield code='a'>New York :</subfield><subfield code='b'>Hastings House,</subfield><subfield code='c'>[1973]</subfield></datafield><datafield ind1=' ' ind2=' ' tag='300'><subfield code='a'>277 pages ;</subfield><subfield code='c'>24 cm.</subfield></datafield><datafield ind1=' ' ind2=' ' tag='336'><subfield code='a'>text</subfield><subfield code='b'>txt</subfield><subfield code='2'>rdacontent</subfield></datafield><datafield ind1=' ' ind2=' ' tag='337'><subfield code='a'>unmediated</subfield><subfield code='b'>n</subfield><subfield code='2'>rdamedia</subfield></datafield><datafield ind1='1' ind2=' ' tag='490'><subfield code='a'>Studies in media management</subfield></datafield><datafield ind1='1' ind2=' ' tag='490'><subfield code='a'>Communication arts books</subfield></datafield><datafield ind1=' ' ind2=' ' tag='504'><subfield code='a'>Bibliography: p. 267-271.</subfield></datafield><datafield ind1=' ' ind2='0' tag='650'><subfield code='a'>Motion picture film collections.</subfield><subfield code='0'>http://id.loc.gov/authorities/subjects/sh85088046</subfield></datafield><datafield ind1=' ' ind2='0' tag='830'><subfield code='a'>Studies in media management.</subfield><subfield code='0'>http://id.loc.gov/authorities/names/n42023932</subfield></datafield><datafield ind1=' ' ind2='0' tag='830'><subfield code='a'>Communication arts books.</subfield><subfield code='0'>http://id.loc.gov/authorities/names/n42007981</subfield></datafield><datafield ind1='0' ind2='0' tag='852'><subfield code='h'>Z692.M9 H37</subfield><subfield code='0'>3882498</subfield><subfield code='b'>scsbcul</subfield></datafield><datafield ind1=' ' ind2=' ' tag='876'><subfield code='0'>3882498</subfield><subfield code='a'>5690072</subfield><subfield code='h'> </subfield><subfield code='j'>Available</subfield><subfield code='p'>CU55599419</subfield><subfield code='t'>1</subfield><subfield code='x'>Shared</subfield><subfield code='z'>CU</subfield><subfield code='l'>RECAP</subfield></datafield></record>