
<record><leader>00889cam a2200277 a 4500</leader><controlfield tag='001'>SCSB-12457826</controlfield><controlfield tag='005'>20020606163548.3</controlfield><controlfield tag='008'>951127s1994    enk      c    001 0 eng d</controlfield><controlfield tag='009'>990066093770203941</controlfield><datafield ind1=' ' ind2=' ' tag='010'><subfield code='a'>gb^95034533^</subfield></datafield><datafield ind1=' ' ind2=' ' tag='015'><subfield code='a'>GB95-34533</subfield></datafield><datafield ind1=' ' ind2=' ' tag='020'><subfield code='a'>1855223759 (pbk)</subfield></datafield><datafield ind1=' ' ind2=' ' tag='035'><subfield code='a'>(OCoLC)60232876</subfield><subfield code='z'>(OCoLC)32385713</subfield><subfield code='z'>(OCoLC)1008303564</subfield></datafield><datafield ind1=' ' ind2=' ' tag='040'><subfield code='a'>UKM</subfield><subfield code='c'>UKM</subfield><subfield code='d'>VCW</subfield></datafield><datafield ind1=' ' ind2=' ' tag='043'><subfield code='a'>e-uk-en</subfield></datafield><datafield ind1=' ' ind2='4' tag='050'><subfield code='a'>Z1038.D5</subfield><subfield code='b'>D48 1994</subfield></datafield><datafield ind1='0' ind2='4' tag='082'><subfield code='a'>016.808899282</subfield><subfield code='2'>20</subfield></datafield><datafield ind1=' ' ind2=' ' tag='090'><subfield code='a'>Z1038.D5</subfield><subfield code='b'>D48 1994</subfield></datafield><datafield ind1='2' ind2=' ' tag='110'><subfield code='a'>Devon Library Services</subfield></datafield><datafield ind1='1' ind2='4' tag='245'><subfield code='a'>The Devon collection of children&apos;s books :</subfield><subfield code='b'>a catalogue of the early children&apos;s books 1692-1849 /</subfield><subfield code='c'>compiled by Marjorie Moon.</subfield></datafield><datafield ind1=' ' ind2=' ' tag='260'><subfield code='a'>Exeter :</subfield><subfield code='b'>Devon County Council Libraries,</subfield><subfield code='c'>1994.</subfield></datafield><datafield ind1=' ' ind2=' ' tag='300'><subfield code='a'>viii, 158 p. :</subfield><subfield code='b'>ill. ;</subfield><subfield code='c'>30 cm.</subfield></datafield><datafield ind1=' ' ind2=' ' tag='500'><subfield code='a'>Includes index.</subfield></datafield><datafield ind1=' ' ind2=' ' tag='504'><subfield code='a'>Includes bibliographical references (page v) and index.</subfield></datafield><datafield ind1=' ' ind2='0' tag='650'><subfield code='a'>Early printed books</subfield><subfield code='v'>Catalogs.</subfield></datafield><datafield ind1=' ' ind2='0' tag='650'><subfield code='a'>Children&apos;s literature</subfield><subfield code='x'>Bibliography</subfield><subfield code='v'>Catalogs.</subfield></datafield><datafield ind1=' ' ind2='4' tag='648'><subfield code='a'>Geschichte 1692-1849.</subfield></datafield><datafield ind1=' ' ind2='7' tag='648'><subfield code='a'>Geschichte 1692-1849</subfield><subfield code='2'>swd</subfield></datafield><datafield ind1=' ' ind2='7' tag='655'><subfield code='a'>bibliographies.</subfield><subfield code='2'>aat</subfield></datafield><datafield ind1=' ' ind2='7' tag='655'><subfield code='a'>Library (institution) catalogues.</subfield><subfield code='2'>aat</subfield></datafield><datafield ind1=' ' ind2='7' tag='655'><subfield code='a'>Bibliographies</subfield><subfield code='2'>fast</subfield><subfield code='0'>(OCoLC)fst01919895</subfield></datafield><datafield ind1=' ' ind2='7' tag='655'><subfield code='a'>Catalogs</subfield><subfield code='2'>fast</subfield><subfield code='0'>(OCoLC)fst01423692</subfield></datafield><datafield ind1=' ' ind2='7' tag='655'><subfield code='a'>Bibliographies</subfield><subfield code='2'>lcgft</subfield></datafield><datafield ind1=' ' ind2='7' tag='655'><subfield code='a'>Bibliographies.</subfield><subfield code='2'>rvmgf</subfield></datafield><datafield ind1='1' ind2=' ' tag='700'><subfield code='a'>Moon, Marjorie</subfield></datafield><datafield ind1='0' ind2='8' tag='776'><subfield code='i'>Online version:</subfield><subfield code='a'>Devon (England.) Library Services.</subfield><subfield code='t'>Devon collection of children&apos;s books.</subfield><subfield code='d'>Exeter : Devon County Council Libraries, 1994</subfield><subfield code='w'>(OCoLC)604128879</subfield></datafield><datafield ind1='0' ind2='8' tag='776'><subfield code='i'>Online version:</subfield><subfield code='a'>Devon (England.) Library Services.</subfield><subfield code='t'>Devon collection of children&apos;s books.</subfield><subfield code='d'>Exeter : Devon County Council Libraries, 1994</subfield><subfield code='w'>(OCoLC)607801749</subfield></datafield><datafield ind1='1' ind2=' ' tag='583'><subfield code='a'>committed to retain</subfield><subfield code='c'>20181001</subfield><subfield code='d'>in perpetuity</subfield><subfield code='f'>ReCAP Shared Collection</subfield><subfield code='5'>HUL</subfield><subfield code='8'>221990912170003941</subfield></datafield><datafield ind1='0' ind2=' ' tag='852'><subfield code='c'>HD</subfield><subfield code='h'>Z1038.D5</subfield><subfield code='i'>D48 1994</subfield><subfield code='0'>13296282</subfield><subfield code='b'>scsbhl</subfield></datafield><datafield ind1=' ' ind2=' ' tag='876'><subfield code='0'>13296282</subfield><subfield code='a'>19106632</subfield><subfield code='h'> </subfield><subfield code='j'>Available</subfield><subfield code='k'>WID</subfield><subfield code='p'>HNDXWZ</subfield><subfield code='x'>Shared</subfield><subfield code='z'>HW</subfield><subfield code='l'>HD</subfield></datafield></record>