
<record><leader>00000nam  2200337 a 4500</leader><controlfield tag='001'>SCSB-6681114</controlfield><controlfield tag='005'>20060625162950.0</controlfield><controlfield tag='008'>870529s1985    mnuf   j bc  s001 0 eng  namaa </controlfield><controlfield tag='009'>.b171868158</controlfield><datafield ind1='2' ind2=' ' tag='110'><subfield code='a'>Kerlan Collection.</subfield></datafield><datafield ind1='1' ind2=' ' tag='700'><subfield code='a'>Hoyle, Karen Nelson.</subfield></datafield><datafield ind1=' ' ind2=' ' tag='091'><subfield code='p'>J</subfield><subfield code='a'>011.62</subfield><subfield code='c'>K</subfield></datafield><datafield ind1='2' ind2='0' tag='610'><subfield code='a'>Kerlan Collection</subfield><subfield code='v'>Catalogs.</subfield></datafield><datafield ind1=' ' ind2='0' tag='650'><subfield code='a'>Children&apos;s literature</subfield><subfield code='x'>Manuscripts</subfield><subfield code='v'>Catalogs.</subfield></datafield><datafield ind1=' ' ind2='0' tag='650'><subfield code='a'>Children&apos;s literature, American</subfield><subfield code='x'>Manuscripts</subfield><subfield code='v'>Catalogs.</subfield></datafield><datafield ind1=' ' ind2='0' tag='650'><subfield code='a'>Manuscripts, American</subfield><subfield code='v'>Catalogs.</subfield></datafield><datafield ind1=' ' ind2='0' tag='650'><subfield code='a'>Illustration of books</subfield><subfield code='z'>United States</subfield><subfield code='v'>Catalogs.</subfield></datafield><datafield ind1=' ' ind2='0' tag='650'><subfield code='a'>Children&apos;s literature, American</subfield><subfield code='v'>Bibliography</subfield><subfield code='v'>Catalogs.</subfield></datafield><datafield ind1=' ' ind2=' ' tag='010'><subfield code='a'>   85050145</subfield></datafield><datafield ind1=' ' ind2=' ' tag='500'><subfield code='a'>Spine title: The Kerlan Collection.</subfield></datafield><datafield ind1=' ' ind2=' ' tag='500'><subfield code='a'>Includes indexes.</subfield></datafield><datafield ind1=' ' ind2=' ' tag='260'><subfield code='a'>Minneapolis, Minn. :</subfield><subfield code='b'>Kerlan Collection, University of Minnesota Libraries,</subfield><subfield code='c'>c1985.</subfield></datafield><datafield ind1=' ' ind2=' ' tag='300'><subfield code='a'>xi, 432 p., [1] leaf of plates :</subfield><subfield code='b'>facsim. ;</subfield><subfield code='c'>28 cm.</subfield></datafield><datafield ind1='1' ind2='4' tag='245'><subfield code='a'>The Kerlan Collection manuscripts and illustrations for children&apos;s books :</subfield><subfield code='b'>a checklist /</subfield><subfield code='c'>compiled by Karen Nelson Hoyle and staff.</subfield></datafield><datafield ind1='0' ind2=' ' tag='740'><subfield code='a'>Kerlan Collection.</subfield></datafield><datafield ind1=' ' ind2=' ' tag='995'><subfield code='a'>491128</subfield></datafield><datafield ind1=' ' ind2=' ' tag='996'><subfield code='a'>871247586</subfield></datafield><datafield ind1=' ' ind2=' ' tag='040'><subfield code='d'>UtOrBLW</subfield></datafield><datafield ind1=' ' ind2=' ' tag='043'><subfield code='a'>n-us---</subfield><subfield code='a'>n-us-mn</subfield></datafield><datafield ind1='0' ind2=' ' tag='050'><subfield code='a'>Z6611.C56</subfield><subfield code='b'>K47 1985</subfield><subfield code='a'>PN1009.A1</subfield></datafield><datafield ind1='0' ind2=' ' tag='908'><subfield code='a'>Z6611.C56</subfield><subfield code='b'>K47 1985</subfield><subfield code='a'>PN1009.A1</subfield></datafield><datafield ind1='0' ind2=' ' tag='082'><subfield code='a'>011/.62</subfield><subfield code='2'>19</subfield></datafield><datafield ind1='0' ind2='0' tag='907'><subfield code='a'>.b171868158</subfield></datafield><datafield ind1=' ' ind2=' ' tag='901'><subfield code='a'>6335b7c0-5843-4b8a-b301-22daa7da6407</subfield><subfield code='b'>5</subfield><subfield code='c'>true</subfield></datafield><datafield ind1='8' ind2=' ' tag='852'><subfield code='h'>J 011.62 K</subfield><subfield code='0'>6762441</subfield><subfield code='b'>scsbnypl</subfield></datafield><datafield ind1=' ' ind2=' ' tag='876'><subfield code='0'>6762441</subfield><subfield code='a'>10916178</subfield><subfield code='j'>Available</subfield><subfield code='p'>33333081093706</subfield><subfield code='t'>1</subfield><subfield code='x'>Open</subfield><subfield code='z'>NH</subfield><subfield code='l'>RECAP</subfield></datafield></record>