
<record><leader>01688cam a2200433 a 4500</leader><controlfield tag='001'>SCSB-2473501</controlfield><controlfield tag='003'>NNC</controlfield><controlfield tag='005'>20220519022151.0</controlfield><controlfield tag='008'>860107s1985    mnufh    bc  s001 0 eng  </controlfield><controlfield tag='009'>442592</controlfield><datafield ind1=' ' ind2=' ' tag='010'><subfield code='a'>   85050145 </subfield></datafield><datafield ind1=' ' ind2=' ' tag='035'><subfield code='a'>(OCoLC)11844324</subfield></datafield><datafield ind1=' ' ind2=' ' tag='035'><subfield code='a'>(OCoLC)ocm11844324</subfield></datafield><datafield ind1=' ' ind2=' ' tag='035'><subfield code='a'>(CStRLIN)NYCG86-B1735</subfield></datafield><datafield ind1=' ' ind2=' ' tag='035'><subfield code='9'>ABY2192CU</subfield></datafield><datafield ind1=' ' ind2=' ' tag='035'><subfield code='a'>(NNC)442592</subfield></datafield><datafield ind1=' ' ind2=' ' tag='035'><subfield code='a'>442592</subfield></datafield><datafield ind1=' ' ind2=' ' tag='040'><subfield code='d'>CStRLIN</subfield></datafield><datafield ind1=' ' ind2=' ' tag='043'><subfield code='a'>n-us---</subfield><subfield code='a'>n-us-mn</subfield></datafield><datafield ind1='0' ind2='0' tag='050'><subfield code='a'>Z6611.C56</subfield><subfield code='b'>K47 1985</subfield><subfield code='a'>PN1009.A1</subfield></datafield><datafield ind1='0' ind2=' ' tag='082'><subfield code='a'>011/.62</subfield><subfield code='2'>19</subfield></datafield><datafield ind1=' ' ind2=' ' tag='090'><subfield code='a'>Z6611.C56</subfield><subfield code='b'>K47 1985</subfield></datafield><datafield ind1='2' ind2=' ' tag='110'><subfield code='a'>Kerlan Collection.</subfield><subfield code='0'>http://id.loc.gov/authorities/names/n85054722</subfield></datafield><datafield ind1='1' ind2='4' tag='245'><subfield code='a'>The Kerlan Collection manuscripts and illustrations for children&apos;s books :</subfield><subfield code='b'>a checklist /</subfield><subfield code='c'>compiled by Karen Nelson Hoyle and staff.</subfield></datafield><datafield ind1=' ' ind2=' ' tag='260'><subfield code='a'>Minneapolis, Minn. :</subfield><subfield code='b'>Kerlan Collection, University of Minnesota Libraries,</subfield><subfield code='c'>1985.</subfield></datafield><datafield ind1=' ' ind2=' ' tag='300'><subfield code='a'>xi, 432 pages, 1 unnumbered leaf of plates :</subfield><subfield code='b'>facsimiles ;</subfield><subfield code='c'>28 cm</subfield></datafield><datafield ind1=' ' ind2=' ' tag='336'><subfield code='a'>text</subfield><subfield code='2'>rdacontent</subfield></datafield><datafield ind1=' ' ind2=' ' tag='337'><subfield code='a'>unmediated</subfield><subfield code='2'>rdamedia</subfield></datafield><datafield ind1=' ' ind2=' ' tag='338'><subfield code='a'>volume</subfield><subfield code='2'>rdacarrier</subfield></datafield><datafield ind1=' ' ind2=' ' tag='500'><subfield code='a'>Spine title: The Kerlan Collection.</subfield></datafield><datafield ind1=' ' ind2=' ' tag='500'><subfield code='a'>Includes indexes.</subfield></datafield><datafield ind1=' ' ind2='0' tag='650'><subfield code='a'>Children&apos;s literature</subfield><subfield code='x'>Manuscripts</subfield><subfield code='v'>Catalogs.</subfield></datafield><datafield ind1=' ' ind2='0' tag='650'><subfield code='a'>Children&apos;s literature, American</subfield><subfield code='x'>Manuscripts</subfield><subfield code='v'>Catalogs.</subfield></datafield><datafield ind1=' ' ind2='0' tag='650'><subfield code='a'>Manuscripts, American</subfield><subfield code='v'>Catalogs.</subfield><subfield code='0'>http://id.loc.gov/authorities/subjects/sh2010100518</subfield></datafield><datafield ind1=' ' ind2='0' tag='650'><subfield code='a'>Illustration of books</subfield><subfield code='z'>United States</subfield><subfield code='v'>Catalogs.</subfield></datafield><datafield ind1=' ' ind2='0' tag='650'><subfield code='a'>Children&apos;s literature, American</subfield><subfield code='v'>Bibliography</subfield><subfield code='v'>Catalogs.</subfield></datafield><datafield ind1='2' ind2='0' tag='610'><subfield code='a'>Kerlan Collection</subfield><subfield code='v'>Catalogs.</subfield></datafield><datafield ind1='1' ind2=' ' tag='700'><subfield code='a'>Hoyle, Karen Nelson.</subfield><subfield code='0'>http://id.loc.gov/authorities/names/n82067984</subfield></datafield><datafield ind1='0' ind2=' ' tag='740'><subfield code='a'>Kerlan Collection.</subfield></datafield><datafield ind1=' ' ind2=' ' tag='901'><subfield code='a'>6335b7c0-5843-4b8a-b301-22daa7da6407</subfield><subfield code='b'>13</subfield><subfield code='c'>true</subfield></datafield><datafield ind1='0' ind2='0' tag='852'><subfield code='h'>Z6611.C56 K47 1985</subfield><subfield code='0'>2447945</subfield><subfield code='b'>scsbcul</subfield></datafield><datafield ind1=' ' ind2=' ' tag='876'><subfield code='0'>2447945</subfield><subfield code='a'>3817969</subfield><subfield code='h'> </subfield><subfield code='j'>Available</subfield><subfield code='p'>CU55468438</subfield><subfield code='t'>1</subfield><subfield code='x'>Shared</subfield><subfield code='z'>CU</subfield><subfield code='l'>RECAP</subfield></datafield></record>