
<record><leader>01161cam a2200265Ii 4500</leader><controlfield tag='001'>SCSB-11394685</controlfield><controlfield tag='005'>20020606104010.5</controlfield><controlfield tag='008'>760830s1975    onca     bc  l001 0 eng d</controlfield><controlfield tag='009'>990081863440203941</controlfield><datafield ind1=' ' ind2=' ' tag='020'><subfield code='a'>0919486258 (v.1)</subfield><subfield code='a'>0919486541 (v.2)</subfield></datafield><datafield ind1=' ' ind2=' ' tag='035'><subfield code='a'>(OCoLC)2405401</subfield><subfield code='z'>(OCoLC)13876471</subfield><subfield code='z'>(OCoLC)44659320</subfield><subfield code='z'>(OCoLC)266050636</subfield><subfield code='z'>(OCoLC)317303183</subfield><subfield code='z'>(OCoLC)317891596</subfield><subfield code='z'>(OCoLC)605650244</subfield><subfield code='z'>(OCoLC)1127803706</subfield><subfield code='z'>(OCoLC)1157080861</subfield></datafield><datafield ind1=' ' ind2=' ' tag='040'><subfield code='a'>EEM</subfield><subfield code='c'>EEM</subfield><subfield code='d'>OCL</subfield><subfield code='d'>HLS</subfield></datafield><datafield ind1=' ' ind2='4' tag='050'><subfield code='a'>Z1038.T6</subfield><subfield code='b'>A55 1975</subfield></datafield><datafield ind1=' ' ind2=' ' tag='090'><subfield code='a'>Z1038.T6</subfield><subfield code='b'>O 8 1975x</subfield></datafield><datafield ind1='2' ind2=' ' tag='110'><subfield code='a'>Osborne Collection of Early Children&apos;s Books</subfield></datafield><datafield ind1='1' ind2='4' tag='245'><subfield code='a'>The Osborne Collection of Early Children&apos;s Books ... :</subfield><subfield code='b'>a catalogue /</subfield><subfield code='c'>prepared at Boys and Girls House by Judith St. John ; with an introduction by Edgar Osborne.</subfield></datafield><datafield ind1='3' ind2='0' tag='246'><subfield code='a'>Collection of Early Children&apos;s Books</subfield></datafield><datafield ind1='3' ind2='0' tag='246'><subfield code='a'>Early Children&apos;s Books</subfield></datafield><datafield ind1=' ' ind2=' ' tag='260'><subfield code='a'>Toronto :</subfield><subfield code='b'>Toronto Public Library,</subfield><subfield code='c'>c1975.</subfield></datafield><datafield ind1=' ' ind2=' ' tag='300'><subfield code='a'>2 v. :</subfield><subfield code='b'>ill. (some col.) ;</subfield><subfield code='c'>26 cm.</subfield></datafield><datafield ind1=' ' ind2=' ' tag='500'><subfield code='a'>Vol. 1 first published 1958; reprinted with minor corrections, 1966, and with additional corrections in 1975.</subfield></datafield><datafield ind1=' ' ind2=' ' tag='500'><subfield code='a'>Includes indexes.</subfield></datafield><datafield ind1='0' ind2=' ' tag='505'><subfield code='a'>v. 1. 1566-1910.--v.2. 1476-1910, prepared ... by Judith St. John with the assistance of Dana Tenny and Hazel I. MacTaggart.</subfield></datafield><datafield ind1=' ' ind2=' ' tag='520'><subfield code='a'>A catalogue of the Osborne Collection at Toronto Public Library which includes books, manuscripts and illustrations. Volume one contains some 3000 books covering the period between 1566 and 1910 selected from the Osborne Collection. The greater proportion of the books listed were written in the last one hundred years of the period covered, coinciding with an increase in literacy and in the production of children&apos;s books. Osborne and his first wife Mabel began collecting books they had read as children, and in time began including books published further back in time. The cut-off date of 1910 was selected because it is when Osborne turned 21. The close of the Edwardian era was chosen as the end date since it marked a natural division between children&apos;s books of bygone days and modern children&apos;s books. Volume two is made up of about 2600 entries representing books acquired after volume one was prepared for publication in 1958. Only titles not included in volume one are included in volume two. Arranged by subject reading interest of children, each section is further arranged by author or title. Included are descriptive notes, and transcriptions of title pages. The list of publishers, booksellers, and printers in volume one, appendix III gives brief biographical material. The general index includes authors, titles, series, editors and translators.</subfield></datafield><datafield ind1=' ' ind2='0' tag='650'><subfield code='a'>Children&apos;s literature</subfield><subfield code='v'>Bibliography</subfield><subfield code='v'>Catalogs</subfield></datafield><datafield ind1=' ' ind2='7' tag='655'><subfield code='a'>Bibliographies</subfield><subfield code='v'>Catalogs</subfield><subfield code='2'>fast</subfield></datafield><datafield ind1=' ' ind2='7' tag='655'><subfield code='a'>Bibliographies</subfield><subfield code='v'>Catalogs.</subfield><subfield code='2'>fast</subfield><subfield code='0'>(OCoLC)fst01423688</subfield></datafield><datafield ind1='1' ind2='7' tag='600'><subfield code='a'>Osborne, Edgar.</subfield><subfield code='2'>swd</subfield></datafield><datafield ind1='2' ind2='0' tag='610'><subfield code='a'>Toronto Public Libraries</subfield><subfield code='v'>Catalogs.</subfield></datafield><datafield ind1='2' ind2='0' tag='610'><subfield code='a'>Osborne Collection of Early Children&apos;s Books</subfield><subfield code='v'>Catalogs.</subfield></datafield><datafield ind1='2' ind2='7' tag='610'><subfield code='a'>Toronto Public Libraries</subfield><subfield code='2'>fast</subfield><subfield code='0'>(OCoLC)fst00577001</subfield></datafield><datafield ind1='2' ind2='7' tag='610'><subfield code='a'>Osborne Collection of Early Children&apos;s Books</subfield><subfield code='2'>fast</subfield><subfield code='0'>(OCoLC)fst00600386</subfield></datafield><datafield ind1=' ' ind2='7' tag='648'><subfield code='a'>Geschichte 1476-1910.</subfield><subfield code='2'>swd</subfield></datafield><datafield ind1='2' ind2=' ' tag='700'><subfield code='a'>St. John, Judith</subfield></datafield><datafield ind1='1' ind2=' ' tag='700'><subfield code='a'>Osborne, Edgar,</subfield><subfield code='d'>1890-1978</subfield></datafield><datafield ind1='2' ind2=' ' tag='710'><subfield code='a'>University of Toronto.</subfield><subfield code='b'>Press</subfield><subfield code='e'>printer.</subfield></datafield><datafield ind1='0' ind2='8' tag='776'><subfield code='i'>Online version:</subfield><subfield code='a'>Toronto Public Libraries. Boys and Girls Services.</subfield><subfield code='t'>Osborne Collection of Early Children&apos;s Books .</subfield><subfield code='d'>Toronto : Toronto Public Library, ©1975-</subfield><subfield code='w'>(OCoLC)1014389564</subfield></datafield><datafield ind1='1' ind2=' ' tag='583'><subfield code='a'>committed to retain</subfield><subfield code='c'>20181001</subfield><subfield code='d'>in perpetuity</subfield><subfield code='f'>ReCAP Shared Collection</subfield><subfield code='5'>HUL</subfield><subfield code='8'>222036218560003941</subfield></datafield><datafield ind1=' ' ind2='0' tag='966'><subfield code='8'>0</subfield><subfield code='a'>2 v.</subfield><subfield code='8'>222036218560003941</subfield></datafield><datafield ind1='0' ind2=' ' tag='852'><subfield code='c'>HD</subfield><subfield code='h'>Z1038.T6</subfield><subfield code='i'>O 8 1975x</subfield><subfield code='0'>12202244</subfield><subfield code='b'>scsbhl</subfield></datafield><datafield ind1=' ' ind2=' ' tag='876'><subfield code='0'>12202244</subfield><subfield code='3'>v.2</subfield><subfield code='a'>17969940</subfield><subfield code='h'> </subfield><subfield code='j'>Available</subfield><subfield code='k'>WID</subfield><subfield code='p'>32044099046252</subfield><subfield code='x'>Shared</subfield><subfield code='z'>HW</subfield><subfield code='l'>HD</subfield></datafield><datafield ind1=' ' ind2=' ' tag='876'><subfield code='0'>12202244</subfield><subfield code='3'>v.1</subfield><subfield code='a'>17969941</subfield><subfield code='h'> </subfield><subfield code='j'>Available</subfield><subfield code='k'>WID</subfield><subfield code='p'>32044099046260</subfield><subfield code='x'>Shared</subfield><subfield code='z'>HW</subfield><subfield code='l'>HD</subfield></datafield></record>