
<record><leader>04474cam a2200853Ii 4500</leader><controlfield tag='001'>SCSB-14752141</controlfield><controlfield tag='003'>NNC</controlfield><controlfield tag='005'>20240626234836.0</controlfield><controlfield tag='008'>230718t20232023gw a     cb   001 0 eng d</controlfield><controlfield tag='009'>17773273</controlfield><datafield ind1=' ' ind2=' ' tag='019'><subfield code='a'>1393435624</subfield></datafield><datafield ind1=' ' ind2=' ' tag='020'><subfield code='a'>3836596032</subfield></datafield><datafield ind1=' ' ind2=' ' tag='020'><subfield code='a'>9783836596039</subfield></datafield><datafield ind1=' ' ind2=' ' tag='020'><subfield code='a'>9783836590983</subfield></datafield><datafield ind1=' ' ind2=' ' tag='020'><subfield code='a'>3836590980</subfield></datafield><datafield ind1='0' ind2=' ' tag='029'><subfield code='a'>AU@</subfield><subfield code='b'>000074867841</subfield></datafield><datafield ind1=' ' ind2=' ' tag='035'><subfield code='a'>(OCoLC)on1390659748</subfield></datafield><datafield ind1=' ' ind2=' ' tag='035'><subfield code='a'>(OCoLC)1390659748</subfield><subfield code='z'>(OCoLC)1393435624</subfield></datafield><datafield ind1=' ' ind2=' ' tag='035'><subfield code='a'>17773273</subfield></datafield><datafield ind1=' ' ind2=' ' tag='040'><subfield code='a'>AU@</subfield><subfield code='b'>eng</subfield><subfield code='e'>rda</subfield><subfield code='c'>AU@</subfield><subfield code='d'>ILO</subfield></datafield><datafield ind1=' ' ind2=' ' tag='043'><subfield code='a'>e-uk-en</subfield></datafield><datafield ind1='1' ind2='4' tag='050'><subfield code='a'>TR724</subfield><subfield code='b'>.A85 2023</subfield></datafield><datafield ind1='1' ind2=' ' tag='100'><subfield code='a'>Atkins, Anna,</subfield><subfield code='d'>1799-1871,</subfield><subfield code='e'>artist.</subfield><subfield code='4'>http://id.loc.gov/vocabulary/relators/art</subfield><subfield code='0'>http://id.loc.gov/authorities/names/n85243434</subfield></datafield><datafield ind1='1' ind2='0' tag='245'><subfield code='a'>Anna Atkins :</subfield><subfield code='b'>cyanotypes /</subfield><subfield code='c'>Peter Walther (ed.); directed and produced by Benedikt Taschen.</subfield></datafield><datafield ind1='3' ind2='0' tag='246'><subfield code='a'>Cyanotypes</subfield></datafield><datafield ind1=' ' ind2='1' tag='264'><subfield code='a'>Köln :</subfield><subfield code='b'>Taschen,</subfield><subfield code='c'>[2023]</subfield></datafield><datafield ind1=' ' ind2='4' tag='264'><subfield code='c'>©2023</subfield></datafield><datafield ind1=' ' ind2=' ' tag='300'><subfield code='a'>660 pages :</subfield><subfield code='b'>illustrations ;</subfield><subfield code='c'>31 cm</subfield></datafield><datafield ind1=' ' ind2=' ' tag='336'><subfield code='a'>text</subfield><subfield code='b'>txt</subfield><subfield code='2'>rdacontent</subfield></datafield><datafield ind1=' ' ind2=' ' tag='336'><subfield code='a'>still image</subfield><subfield code='b'>sti</subfield><subfield code='2'>rdacontent</subfield></datafield><datafield ind1=' ' ind2=' ' tag='337'><subfield code='a'>unmediated</subfield><subfield code='b'>n</subfield><subfield code='2'>rdamedia</subfield></datafield><datafield ind1=' ' ind2=' ' tag='338'><subfield code='a'>volume</subfield><subfield code='b'>nc</subfield><subfield code='2'>rdacarrier</subfield></datafield><datafield ind1=' ' ind2=' ' tag='500'><subfield code='a'>The copies used for printing belond to the New York Public Library, J. Paul Getty Museum, Los Angeles, Metropolitan Museum of Art, New York, Rijksmuseum, Amsterdam, Natural History Museum, London.</subfield></datafield><datafield ind1=' ' ind2=' ' tag='500'><subfield code='a'>Issued in slipcase.</subfield></datafield><datafield ind1=' ' ind2=' ' tag='504'><subfield code='a'>Includes bibliography (page 659) and index.</subfield></datafield><datafield ind1='1' ind2='0' tag='600'><subfield code='a'>Atkins, Anna,</subfield><subfield code='d'>1799-1871.</subfield><subfield code='0'>http://id.loc.gov/authorities/names/n85243434</subfield></datafield><datafield ind1='1' ind2='0' tag='600'><subfield code='a'>Atkins, Anna,</subfield><subfield code='d'>1799-1871.</subfield><subfield code='t'>Photographs of British algae.</subfield><subfield code='0'>http://id.loc.gov/authorities/names/n2024020478</subfield></datafield><datafield ind1=' ' ind2='0' tag='650'><subfield code='a'>Photography</subfield><subfield code='z'>Great Britain</subfield><subfield code='x'>History</subfield><subfield code='y'>19th century.</subfield></datafield><datafield ind1=' ' ind2='0' tag='650'><subfield code='a'>Photography, Artistic.</subfield><subfield code='0'>http://id.loc.gov/authorities/subjects/sh85101269</subfield></datafield><datafield ind1=' ' ind2='0' tag='650'><subfield code='a'>Cyanotypes.</subfield><subfield code='0'>http://id.loc.gov/authorities/subjects/sh2021005693</subfield></datafield><datafield ind1=' ' ind2='0' tag='650'><subfield code='a'>Cyanotypes</subfield><subfield code='x'>History</subfield><subfield code='y'>19th century.</subfield></datafield><datafield ind1=' ' ind2='0' tag='650'><subfield code='a'>Photograms</subfield><subfield code='x'>History</subfield><subfield code='y'>19th century.</subfield></datafield><datafield ind1=' ' ind2='0' tag='650'><subfield code='a'>Photography, Biological</subfield><subfield code='x'>History</subfield><subfield code='y'>19th century.</subfield></datafield><datafield ind1=' ' ind2='0' tag='650'><subfield code='a'>Botanical illustration</subfield><subfield code='x'>History</subfield><subfield code='y'>19th century.</subfield></datafield><datafield ind1=' ' ind2='6' tag='650'><subfield code='a'>Photographie</subfield><subfield code='0'>(CaQQLa)201-0369803</subfield><subfield code='z'>Grande-Bretagne</subfield><subfield code='0'>(CaQQLa)201-0441031</subfield><subfield code='x'>Histoire</subfield><subfield code='0'>(CaQQLa)201-0369803</subfield><subfield code='y'>19e siècle</subfield><subfield code='0'>(CaQQLa)201-0373673</subfield><subfield code='v'>Expositions.</subfield><subfield code='0'>(CaQQLa)201-0378191</subfield></datafield><datafield ind1=' ' ind2='6' tag='650'><subfield code='a'>Photographie artistique</subfield><subfield code='0'>(CaQQLa)201-0048937</subfield><subfield code='v'>Expositions.</subfield><subfield code='0'>(CaQQLa)201-0378191</subfield></datafield><datafield ind1=' ' ind2='6' tag='650'><subfield code='a'>Photographie</subfield><subfield code='0'>(CaQQLa)201-0369803</subfield><subfield code='z'>Grande-Bretagne</subfield><subfield code='0'>(CaQQLa)201-0441031</subfield><subfield code='x'>Histoire</subfield><subfield code='0'>(CaQQLa)201-0369803</subfield><subfield code='y'>19e siècle.</subfield><subfield code='0'>(CaQQLa)201-0373673</subfield></datafield><datafield ind1=' ' ind2='6' tag='650'><subfield code='a'>Photogrammes</subfield><subfield code='0'>(CaQQLa)201-0022988</subfield><subfield code='x'>Histoire</subfield><subfield code='0'>(CaQQLa)201-0378908</subfield><subfield code='y'>19e siècle.</subfield><subfield code='0'>(CaQQLa)201-0378908</subfield></datafield><datafield ind1=' ' ind2='6' tag='650'><subfield code='a'>Photographie biologique</subfield><subfield code='0'>(CaQQLa)201-0047634</subfield><subfield code='x'>Histoire</subfield><subfield code='0'>(CaQQLa)201-0378908</subfield><subfield code='y'>19e siècle.</subfield><subfield code='0'>(CaQQLa)201-0378908</subfield></datafield><datafield ind1=' ' ind2='6' tag='650'><subfield code='a'>Illustration botanique</subfield><subfield code='0'>(CaQQLa)201-0027305</subfield><subfield code='x'>Histoire</subfield><subfield code='0'>(CaQQLa)201-0378908</subfield><subfield code='y'>19e siècle.</subfield><subfield code='0'>(CaQQLa)201-0378908</subfield></datafield><datafield ind1=' ' ind2='7' tag='650'><subfield code='a'>21.42 history of photographic art.</subfield><subfield code='0'>(NL-LeOCL)077595203</subfield><subfield code='2'>bcl</subfield></datafield><datafield ind1='1' ind2='7' tag='600'><subfield code='a'>Atkins, Anna,</subfield><subfield code='d'>1799-1871.</subfield><subfield code='2'>fast</subfield><subfield code='0'>(OCoLC)fst00172706</subfield></datafield><datafield ind1=' ' ind2='7' tag='650'><subfield code='a'>Photography, Artistic.</subfield><subfield code='2'>fast</subfield><subfield code='0'>(OCoLC)fst01061964</subfield></datafield><datafield ind1=' ' ind2='7' tag='650'><subfield code='a'>Botanical illustration.</subfield><subfield code='2'>fast</subfield><subfield code='0'>(OCoLC)fst00836840</subfield></datafield><datafield ind1=' ' ind2='7' tag='650'><subfield code='a'>Blueprinting.</subfield><subfield code='2'>fast</subfield><subfield code='0'>(OCoLC)fst00835052</subfield></datafield><datafield ind1=' ' ind2='7' tag='650'><subfield code='a'>Photograms.</subfield><subfield code='2'>fast</subfield><subfield code='0'>(OCoLC)fst01061594</subfield></datafield><datafield ind1=' ' ind2='7' tag='650'><subfield code='a'>Photography.</subfield><subfield code='2'>fast</subfield><subfield code='0'>(OCoLC)fst01061714</subfield></datafield><datafield ind1=' ' ind2='7' tag='650'><subfield code='a'>Photography, Biological.</subfield><subfield code='2'>fast</subfield><subfield code='0'>(OCoLC)fst01061980</subfield></datafield><datafield ind1=' ' ind2='7' tag='651'><subfield code='a'>Great Britain.</subfield><subfield code='2'>fast</subfield><subfield code='0'>(OCoLC)fst01204623</subfield></datafield><datafield ind1=' ' ind2='7' tag='651'><subfield code='a'>England.</subfield><subfield code='2'>fast</subfield><subfield code='0'>(OCoLC)fst01219920</subfield></datafield><datafield ind1=' ' ind2='7' tag='648'><subfield code='a'>1800-1899</subfield><subfield code='2'>fast</subfield></datafield><datafield ind1=' ' ind2='7' tag='655'><subfield code='a'>photobooks.</subfield><subfield code='2'>aat</subfield><subfield code='0'>(CStmoGRI)aatgf300265728</subfield></datafield><datafield ind1=' ' ind2='7' tag='655'><subfield code='a'>Photobooks.</subfield><subfield code='2'>fast</subfield><subfield code='0'>(OCoLC)fst01919950</subfield></datafield><datafield ind1=' ' ind2='7' tag='655'><subfield code='a'>History.</subfield><subfield code='2'>fast</subfield><subfield code='0'>(OCoLC)fst01411628</subfield></datafield><datafield ind1=' ' ind2='7' tag='655'><subfield code='a'>Photobooks.</subfield><subfield code='2'>lcgft</subfield><subfield code='0'>http://id.loc.gov/authorities/genreForms/gf2014026144</subfield></datafield><datafield ind1=' ' ind2='7' tag='655'><subfield code='a'>Livres de photographies.</subfield><subfield code='2'>rvmgf</subfield><subfield code='0'>(CaQQLa)RVMGF-000001206</subfield></datafield><datafield ind1='1' ind2=' ' tag='700'><subfield code='a'>Walter, Peter,</subfield><subfield code='e'>editor.</subfield><subfield code='4'>http://id.loc.gov/vocabulary/relators/edt</subfield><subfield code='0'>http://id.loc.gov/authorities/names/n94087322</subfield></datafield><datafield ind1='1' ind2=' ' tag='700'><subfield code='a'>Taschen, Benedikt,</subfield><subfield code='e'>director,</subfield><subfield code='e'>producer.</subfield><subfield code='4'>http://id.loc.gov/vocabulary/relators/drt</subfield><subfield code='4'>http://id.loc.gov/vocabulary/relators/pro</subfield><subfield code='0'>http://id.loc.gov/authorities/names/no2004046005</subfield></datafield><datafield ind1='0' ind2='0' tag='852'><subfield code='h'>TR724 .A85 2023g</subfield><subfield code='0'>15764400</subfield><subfield code='b'>scsbcul</subfield></datafield><datafield ind1=' ' ind2=' ' tag='876'><subfield code='0'>15764400</subfield><subfield code='a'>22407716</subfield><subfield code='h'>In Library Use</subfield><subfield code='j'>Available</subfield><subfield code='p'>AR03209334</subfield><subfield code='t'>1</subfield><subfield code='x'>Shared</subfield><subfield code='z'>AR</subfield><subfield code='l'>RECAP</subfield></datafield></record>