
<record><leader>01142nam a2200277 a 4500</leader><controlfield tag='001'>SCSB-3882552</controlfield><controlfield tag='003'>NNC</controlfield><controlfield tag='005'>20221012202736.0</controlfield><controlfield tag='008'>990727s1999    enk      b    001 0 eng d</controlfield><controlfield tag='009'>2603098</controlfield><datafield ind1=' ' ind2=' ' tag='020'><subfield code='a'>1900747073</subfield></datafield><datafield ind1=' ' ind2=' ' tag='035'><subfield code='a'>(OCoLC)ocm41963909</subfield></datafield><datafield ind1=' ' ind2=' ' tag='035'><subfield code='9'>AQU2898CU</subfield></datafield><datafield ind1=' ' ind2=' ' tag='035'><subfield code='a'>2603098</subfield></datafield><datafield ind1=' ' ind2=' ' tag='040'><subfield code='a'>VA@</subfield><subfield code='c'>VA@</subfield><subfield code='d'>OCL</subfield></datafield><datafield ind1=' ' ind2=' ' tag='090'><subfield code='a'>TR415</subfield><subfield code='b'>.W37 1999</subfield></datafield><datafield ind1='1' ind2=' ' tag='100'><subfield code='a'>Ware, Mike.</subfield><subfield code='0'>http://id.loc.gov/authorities/names/nr95044378</subfield></datafield><datafield ind1='1' ind2='0' tag='245'><subfield code='a'>Cyanotype :</subfield><subfield code='b'>the history, science and art of photographic printing in Prussian blue /</subfield><subfield code='c'>Mike Ware.</subfield></datafield><datafield ind1=' ' ind2=' ' tag='260'><subfield code='a'>London :</subfield><subfield code='b'>Science Museum ;</subfield><subfield code='a'>Bradford [England] :</subfield><subfield code='b'>National Museum of Photography, Film &amp; Television,</subfield><subfield code='c'>1999.</subfield></datafield><datafield ind1=' ' ind2=' ' tag='300'><subfield code='a'>177 pages ;</subfield><subfield code='c'>25 cm</subfield></datafield><datafield ind1=' ' ind2=' ' tag='336'><subfield code='a'>text</subfield><subfield code='b'>txt</subfield><subfield code='2'>rdacontent</subfield></datafield><datafield ind1=' ' ind2=' ' tag='337'><subfield code='a'>unmediated</subfield><subfield code='b'>n</subfield><subfield code='2'>rdamedia</subfield></datafield><datafield ind1=' ' ind2=' ' tag='504'><subfield code='a'>Includes bibliographical references and index.</subfield></datafield><datafield ind1=' ' ind2='0' tag='650'><subfield code='a'>Blueprinting.</subfield><subfield code='0'>http://id.loc.gov/authorities/subjects/sh85015113</subfield></datafield><datafield ind1='2' ind2=' ' tag='710'><subfield code='a'>Science Museum (Great Britain)</subfield><subfield code='0'>http://id.loc.gov/authorities/names/n79066251</subfield></datafield><datafield ind1='2' ind2=' ' tag='710'><subfield code='a'>National Museum of Photography, Film, and Television (Great Britain)</subfield><subfield code='0'>http://id.loc.gov/authorities/names/n85130375</subfield></datafield><datafield ind1='0' ind2='0' tag='852'><subfield code='h'>TR415 .W37 1999g</subfield><subfield code='0'>3891194</subfield><subfield code='b'>scsbcul</subfield></datafield><datafield ind1=' ' ind2=' ' tag='876'><subfield code='0'>3891194</subfield><subfield code='a'>5699469</subfield><subfield code='h'> </subfield><subfield code='j'>Available</subfield><subfield code='p'>CU64298035</subfield><subfield code='t'>1</subfield><subfield code='x'>Shared</subfield><subfield code='z'>CU</subfield><subfield code='l'>RECAP</subfield></datafield></record>