
<record><leader>01341cam a22003251  4500</leader><controlfield tag='001'>SCSB-2403408</controlfield><controlfield tag='003'>NNC</controlfield><controlfield tag='005'>20220519004217.0</controlfield><controlfield tag='008'>850121t19671966nyua          001 0 eng  </controlfield><controlfield tag='009'>348692</controlfield><datafield ind1=' ' ind2=' ' tag='010'><subfield code='a'>   67029527 </subfield></datafield><datafield ind1=' ' ind2=' ' tag='035'><subfield code='a'>(OCoLC)184471</subfield></datafield><datafield ind1=' ' ind2=' ' tag='035'><subfield code='a'>(OCoLC)ocm00184471</subfield></datafield><datafield ind1=' ' ind2=' ' tag='035'><subfield code='a'>(CStRLIN)NYCG85-B5185</subfield></datafield><datafield ind1=' ' ind2=' ' tag='035'><subfield code='9'>ABN5241CU</subfield></datafield><datafield ind1=' ' ind2=' ' tag='035'><subfield code='a'>(NNC)348692</subfield></datafield><datafield ind1=' ' ind2=' ' tag='035'><subfield code='a'>348692</subfield></datafield><datafield ind1='0' ind2='0' tag='050'><subfield code='a'>PS614</subfield><subfield code='b'>.D8 1967</subfield></datafield><datafield ind1='0' ind2=' ' tag='082'><subfield code='a'>811/.5/08</subfield></datafield><datafield ind1=' ' ind2=' ' tag='090'><subfield code='a'>PS614</subfield><subfield code='b'>.D8 1967</subfield></datafield><datafield ind1='1' ind2=' ' tag='100'><subfield code='a'>Dunning, Stephen,</subfield><subfield code='e'>compiler.</subfield><subfield code='4'>http://id.loc.gov/vocabulary/relators/com</subfield><subfield code='0'>http://id.loc.gov/authorities/names/n80007799</subfield></datafield><datafield ind1='1' ind2='0' tag='245'><subfield code='a'>Reflections on a gift of watermelon pickle ... :</subfield><subfield code='b'>and other modern verse /</subfield><subfield code='c'>[by] Stephen Dunning, Edward Lueders [and] Hugh Smith. Design: Donald Marvine.</subfield></datafield><datafield ind1=' ' ind2=' ' tag='260'><subfield code='a'>New York :</subfield><subfield code='b'>Lothrop, Lee &amp; Shepard,</subfield><subfield code='c'>[©1966] 1967.</subfield></datafield><datafield ind1=' ' ind2=' ' tag='300'><subfield code='a'>139 pages :</subfield><subfield code='b'>illustrations ;</subfield><subfield code='c'>24 cm</subfield></datafield><datafield ind1=' ' ind2=' ' tag='336'><subfield code='a'>text</subfield><subfield code='2'>rdacontent</subfield></datafield><datafield ind1=' ' ind2=' ' tag='337'><subfield code='a'>unmediated</subfield><subfield code='2'>rdamedia</subfield></datafield><datafield ind1=' ' ind2=' ' tag='338'><subfield code='a'>volume</subfield><subfield code='2'>rdacarrier</subfield></datafield><datafield ind1=' ' ind2='0' tag='650'><subfield code='a'>American poetry</subfield><subfield code='y'>20th century.</subfield><subfield code='0'>http://id.loc.gov/authorities/subjects/sh85004387</subfield></datafield><datafield ind1='1' ind2=' ' tag='700'><subfield code='a'>Lueders, Edward,</subfield><subfield code='d'>1923-</subfield><subfield code='e'>compiler.</subfield><subfield code='4'>http://id.loc.gov/vocabulary/relators/com</subfield><subfield code='0'>http://id.loc.gov/authorities/names/n50047317</subfield></datafield><datafield ind1='1' ind2=' ' tag='700'><subfield code='a'>Smith, Hugh Letcher,</subfield><subfield code='d'>1921-1968,</subfield><subfield code='e'>compiler.</subfield><subfield code='4'>http://id.loc.gov/vocabulary/relators/com</subfield></datafield><datafield ind1='0' ind2='0' tag='852'><subfield code='h'>PS614 .D8 1967</subfield><subfield code='0'>2376085</subfield><subfield code='b'>scsbcul</subfield></datafield><datafield ind1=' ' ind2=' ' tag='876'><subfield code='0'>2376085</subfield><subfield code='a'>3609490</subfield><subfield code='h'> </subfield><subfield code='j'>Available</subfield><subfield code='p'>CU71464018</subfield><subfield code='t'>1</subfield><subfield code='x'>Shared</subfield><subfield code='z'>CU</subfield><subfield code='l'>RECAP</subfield></datafield></record>