
<record><leader>00768nam a2200205   4500</leader><controlfield tag='001'>SCSB-6479939</controlfield><controlfield tag='005'>20060627115952.0</controlfield><controlfield tag='008'>730822s1966    nyua   j      0   0 eng n</controlfield><controlfield tag='009'>.b178849157</controlfield><datafield ind1=' ' ind2=' ' tag='010'><subfield code='a'>   66008763</subfield></datafield><datafield ind1=' ' ind2=' ' tag='040'><subfield code='d'>UtOrBLW</subfield></datafield><datafield ind1=' ' ind2=' ' tag='091'><subfield code='p'>J</subfield><subfield code='a'>811.08</subfield><subfield code='c'>D</subfield></datafield><datafield ind1='1' ind2=' ' tag='100'><subfield code='a'>Dunning, Stephen.</subfield></datafield><datafield ind1='1' ind2='0' tag='245'><subfield code='a'>Reflections on a gift of watermelon pickle...</subfield><subfield code='b'>and other modern verse</subfield><subfield code='c'>[compiled by] Stephen Dunning, Edward Lueders [and] Hugh Smith.</subfield></datafield><datafield ind1=' ' ind2=' ' tag='260'><subfield code='a'>New York :</subfield><subfield code='b'>Lothrop, Lee &amp; Shepard,</subfield><subfield code='c'>[c1966]</subfield></datafield><datafield ind1=' ' ind2=' ' tag='300'><subfield code='a'>139p.</subfield><subfield code='b'>illus.</subfield></datafield><datafield ind1=' ' ind2=' ' tag='591'><subfield code='a'>Published also by Scott, Foresman.</subfield></datafield><datafield ind1=' ' ind2='0' tag='650'><subfield code='a'>American poetry</subfield><subfield code='y'>20th century.</subfield></datafield><datafield ind1='1' ind2=' ' tag='700'><subfield code='a'>Lueders, Edward,</subfield><subfield code='d'>1923-</subfield></datafield><datafield ind1=' ' ind2=' ' tag='907'><subfield code='a'>.b178849157</subfield><subfield code='c'>m</subfield><subfield code='d'>a</subfield><subfield code='e'>-</subfield><subfield code='f'>eng</subfield><subfield code='g'>nyu</subfield><subfield code='h'>0</subfield><subfield code='i'>3</subfield></datafield><datafield ind1=' ' ind2=' ' tag='901'><subfield code='a'>7a631bcb-2ef1-4711-adb3-54f16e2ab3d7</subfield><subfield code='b'>5</subfield><subfield code='c'>false</subfield></datafield><datafield ind1='8' ind2=' ' tag='852'><subfield code='h'>ReCAP .b178849157</subfield><subfield code='0'>6552816</subfield><subfield code='b'>scsbnypl</subfield></datafield><datafield ind1=' ' ind2=' ' tag='876'><subfield code='0'>6552816</subfield><subfield code='a'>10556588</subfield><subfield code='j'>Available</subfield><subfield code='p'>33333219828189</subfield><subfield code='t'>1</subfield><subfield code='x'>Open</subfield><subfield code='z'>NW</subfield><subfield code='l'>RECAP</subfield></datafield></record>