
<record><leader>00000cam a2200829 i 4500</leader><controlfield tag='001'>SCSB-6692595</controlfield><controlfield tag='003'>OCoLC</controlfield><controlfield tag='005'>20230601112834.0</controlfield><controlfield tag='008'>711119t19661966nyua   j      000 1 eng  cam i </controlfield><controlfield tag='009'>.b221677276</controlfield><datafield ind1='1' ind2=' ' tag='100'><subfield code='a'>Singer, Isaac Bashevis,</subfield><subfield code='d'>1904-1991,</subfield><subfield code='e'>author.</subfield></datafield><datafield ind1='1' ind2=' ' tag='700'><subfield code='a'>Singer, Isaac Bashevis,</subfield><subfield code='d'>1904-1991,</subfield><subfield code='e'>translator.</subfield></datafield><datafield ind1='1' ind2=' ' tag='700'><subfield code='a'>Sendak, Maurice,</subfield><subfield code='e'>illustrator.</subfield></datafield><datafield ind1='1' ind2=' ' tag='700'><subfield code='a'>Shub, Elizabeth,</subfield><subfield code='e'>translator.</subfield></datafield><datafield ind1=' ' ind2='0' tag='650'><subfield code='a'>Children&apos;s stories, Yiddish</subfield><subfield code='v'>Translations into English.</subfield></datafield><datafield ind1=' ' ind2='7' tag='650'><subfield code='a'>Families.</subfield><subfield code='2'>fast</subfield><subfield code='0'>(OCoLC)fst01728849</subfield></datafield><datafield ind1=' ' ind2='7' tag='650'><subfield code='a'>Jews.</subfield><subfield code='2'>fast</subfield><subfield code='0'>(OCoLC)fst00983135</subfield></datafield><datafield ind1=' ' ind2='7' tag='655'><subfield code='a'>Short stories.</subfield><subfield code='2'>lcgft</subfield></datafield><datafield ind1=' ' ind2='0' tag='655'><subfield code='a'>Children&apos;s stories, Polish.</subfield></datafield><datafield ind1=' ' ind2='7' tag='655'><subfield code='a'>Short stories.</subfield><subfield code='2'>fast</subfield><subfield code='0'>(OCoLC)fst01726740</subfield></datafield><datafield ind1=' ' ind2='7' tag='655'><subfield code='a'>Fiction.</subfield><subfield code='2'>fast</subfield><subfield code='0'>(OCoLC)fst01423787</subfield></datafield><datafield ind1=' ' ind2='7' tag='655'><subfield code='a'>Juvenile works.</subfield><subfield code='2'>fast</subfield><subfield code='0'>(OCoLC)fst01411637</subfield></datafield><datafield ind1=' ' ind2='7' tag='650'><subfield code='a'>Family members.</subfield><subfield code='2'>homoit</subfield></datafield><datafield ind1=' ' ind2='7' tag='650'><subfield code='a'>Children&apos;s stories, Yiddish.</subfield><subfield code='2'>fast</subfield><subfield code='0'>(OCoLC)fst00856825</subfield></datafield><datafield ind1=' ' ind2='7' tag='650'><subfield code='a'>Children&apos;s stories, Polish.</subfield><subfield code='2'>fast</subfield><subfield code='0'>(OCoLC)fst00856775</subfield></datafield><datafield ind1=' ' ind2='7' tag='655'><subfield code='a'>Translations.</subfield><subfield code='2'>fast</subfield><subfield code='0'>(OCoLC)fst01423791</subfield></datafield><datafield ind1=' ' ind2=' ' tag='752'><subfield code='a'>United States</subfield><subfield code='b'>New York (State)</subfield><subfield code='d'>New York.</subfield></datafield><datafield ind1=' ' ind2=' ' tag='020'><subfield code='a'>0060284773</subfield><subfield code='q'>(hardcover)</subfield></datafield><datafield ind1=' ' ind2=' ' tag='020'><subfield code='a'>9780060284770</subfield><subfield code='q'>(hardcover)</subfield></datafield><datafield ind1=' ' ind2=' ' tag='020'><subfield code='a'>0060284781</subfield></datafield><datafield ind1=' ' ind2=' ' tag='020'><subfield code='a'>9780060284787</subfield></datafield><datafield ind1=' ' ind2=' ' tag='020'><subfield code='a'>0060256982</subfield></datafield><datafield ind1=' ' ind2=' ' tag='020'><subfield code='a'>9780060256982</subfield></datafield><datafield ind1=' ' ind2=' ' tag='020'><subfield code='a'>0064401472</subfield><subfield code='q'>(paperback)</subfield></datafield><datafield ind1=' ' ind2=' ' tag='020'><subfield code='a'>9780064401470</subfield><subfield code='q'>(paperback)</subfield></datafield><datafield ind1=' ' ind2=' ' tag='010'><subfield code='a'>   66008114</subfield></datafield><datafield ind1=' ' ind2=' ' tag='500'><subfield code='a'>First edition.</subfield></datafield><datafield ind1='0' ind2=' ' tag='505'><subfield code='a'>Fool&apos;s paradise -- Grandmother&apos;s tale -- Snow in Chelm -- Mixed-up feet and the silly bridegroom -- First shlemiel -- Devil&apos;s trick -- Zlateh the goat.</subfield></datafield><datafield ind1='4' ind2=' ' tag='510'><subfield code='a'>Hanrahan, J.Y. Works of Maurice Sendak, revised &amp; expanded to 2001,</subfield><subfield code='c'>A66</subfield></datafield><datafield ind1=' ' ind2=' ' tag='520'><subfield code='a'>Seven tales that began in middle-European Jewish folklore about the inhabitants of the village of Chelm.</subfield></datafield><datafield ind1='8' ind2=' ' tag='521'><subfield code='a'>850L</subfield><subfield code='b'>Lexile</subfield></datafield><datafield ind1='0' ind2=' ' tag='526'><subfield code='a'>Accelerated Reader</subfield><subfield code='b'>MG</subfield><subfield code='c'>5.2</subfield><subfield code='d'>2</subfield><subfield code='z'>20312</subfield></datafield><datafield ind1=' ' ind2=' ' tag='586'><subfield code='a'>Newbery Honor Book, 1967</subfield></datafield><datafield ind1=' ' ind2='1' tag='264'><subfield code='a'>New York, N.Y. :</subfield><subfield code='b'>Harper &amp; Row, publishers,</subfield><subfield code='c'>[1966]</subfield></datafield><datafield ind1=' ' ind2='4' tag='264'><subfield code='c'>©1966</subfield></datafield><datafield ind1=' ' ind2=' ' tag='300'><subfield code='a'>xi, 90 pages :</subfield><subfield code='b'>illustrations ;</subfield><subfield code='c'>24 cm</subfield></datafield><datafield ind1=' ' ind2=' ' tag='336'><subfield code='a'>text</subfield><subfield code='b'>txt</subfield><subfield code='2'>rdacontent</subfield></datafield><datafield ind1=' ' ind2=' ' tag='337'><subfield code='a'>unmediated</subfield><subfield code='b'>n</subfield><subfield code='2'>rdamedia</subfield></datafield><datafield ind1=' ' ind2=' ' tag='338'><subfield code='a'>volume</subfield><subfield code='b'>nc</subfield><subfield code='2'>rdacarrier</subfield></datafield><datafield ind1='1' ind2='0' tag='240'><subfield code='a'>Short stories.</subfield><subfield code='k'>Selections.</subfield><subfield code='l'>English</subfield></datafield><datafield ind1='1' ind2='0' tag='245'><subfield code='a'>Zlateh the goat, and other stories /</subfield><subfield code='c'>by Isaac Bashevis Singer ; pictures by Maurice Sendak ; translated from the Yiddish by the author and Elizabeth Shub.</subfield></datafield><datafield ind1=' ' ind2=' ' tag='995'><subfield code='a'>762500</subfield></datafield><datafield ind1='0' ind2='8' tag='776'><subfield code='i'>Online version:</subfield><subfield code='a'>Singer, Isaac Bashevis, 1904-1991.</subfield><subfield code='t'>Zlateh the goat, and other stories.</subfield><subfield code='d'>[New York] Harper &amp; Row [1966]</subfield><subfield code='w'>(OCoLC)604921725</subfield></datafield><datafield ind1='0' ind2='8' tag='776'><subfield code='i'>Online version:</subfield><subfield code='a'>Singer, Isaac Bashevis, 1904-1991.</subfield><subfield code='t'>Zlateh the goat, and other stories.</subfield><subfield code='d'>[New York] Harper &amp; Row [1966]</subfield><subfield code='w'>(OCoLC)605538566</subfield></datafield><datafield ind1=' ' ind2=' ' tag='019'><subfield code='a'>233811907</subfield><subfield code='a'>317903301</subfield><subfield code='a'>752302609</subfield><subfield code='a'>964614383</subfield><subfield code='a'>986658957</subfield><subfield code='a'>1001493356</subfield><subfield code='a'>1004441937</subfield><subfield code='a'>1037554251</subfield><subfield code='a'>1039060681</subfield><subfield code='a'>1039322876</subfield><subfield code='a'>1051444303</subfield><subfield code='a'>1052674505</subfield><subfield code='a'>1114536743</subfield><subfield code='a'>1233226150</subfield><subfield code='a'>1253686611</subfield><subfield code='a'>1256461280</subfield></datafield><datafield ind1=' ' ind2=' ' tag='040'><subfield code='a'>DLC</subfield><subfield code='b'>eng</subfield><subfield code='e'>rda</subfield><subfield code='c'>DLC</subfield><subfield code='d'>SER</subfield><subfield code='d'>XY4</subfield><subfield code='d'>BAKER</subfield><subfield code='d'>BTCTA</subfield><subfield code='d'>NZROP</subfield><subfield code='d'>GRR</subfield><subfield code='d'>AU@</subfield><subfield code='d'>MTG</subfield><subfield code='d'>IAD</subfield><subfield code='d'>NIALS</subfield><subfield code='d'>YDXCP</subfield><subfield code='d'>UBY</subfield><subfield code='d'>CQU</subfield><subfield code='d'>DEBBG</subfield><subfield code='d'>WAU</subfield><subfield code='d'>OCLCF</subfield><subfield code='d'>IAA</subfield><subfield code='d'>YBM</subfield><subfield code='d'>NAM</subfield><subfield code='d'>JPG</subfield><subfield code='d'>YYP</subfield><subfield code='d'>NCRJL</subfield><subfield code='d'>CNUTO</subfield><subfield code='d'>CD5</subfield><subfield code='d'>CSJ</subfield><subfield code='d'>DHA</subfield><subfield code='d'>GILDS</subfield><subfield code='d'>PAU</subfield><subfield code='d'>BRL</subfield><subfield code='d'>HCO</subfield><subfield code='d'>NTG</subfield><subfield code='d'>KFH</subfield><subfield code='d'>STJ</subfield><subfield code='d'>MCT</subfield><subfield code='d'>XFF</subfield><subfield code='d'>TYC</subfield><subfield code='d'>FDA</subfield><subfield code='d'>CPO</subfield><subfield code='d'>NJT</subfield><subfield code='d'>J9U</subfield><subfield code='d'>CSU</subfield><subfield code='d'>NYP</subfield></datafield><datafield ind1='1' ind2=' ' tag='041'><subfield code='a'>eng</subfield><subfield code='h'>yid</subfield></datafield><datafield ind1=' ' ind2=' ' tag='042'><subfield code='a'>pcc</subfield></datafield><datafield ind1=' ' ind2=' ' tag='049'><subfield code='a'>NYPP</subfield></datafield><datafield ind1='0' ind2='0' tag='050'><subfield code='a'>PZ7.S6167</subfield></datafield><datafield ind1=' ' ind2=' ' tag='051'><subfield code='a'>PZ7.S6167</subfield><subfield code='b'>Zl Copy 3</subfield><subfield code='c'>In dust jacket. Gift of Ethel and Ira Levine, 2015.</subfield></datafield><datafield ind1=' ' ind2='3' tag='055'><subfield code='a'>PJ5129.S49</subfield><subfield code='b'>A2 1966</subfield></datafield><datafield ind1=' ' ind2='4' tag='060'><subfield code='a'>000071761</subfield></datafield><datafield ind1='0' ind2='4' tag='082'><subfield code='a'>398.2</subfield><subfield code='2'>21</subfield></datafield><datafield ind1=' ' ind2=' ' tag='084'><subfield code='a'>HU 8423</subfield><subfield code='2'>rvk</subfield></datafield><datafield ind1=' ' ind2=' ' tag='901'><subfield code='a'>MARS</subfield></datafield><datafield ind1='0' ind2='0' tag='908'><subfield code='a'>PZ7.S6167</subfield></datafield><datafield ind1=' ' ind2=' ' tag='901'><subfield code='a'>kts</subfield><subfield code='b'>CAT</subfield></datafield><datafield ind1=' ' ind2=' ' tag='901'><subfield code='a'>BTCLSD100712B</subfield></datafield><datafield ind1=' ' ind2=' ' tag='901'><subfield code='a'>bls</subfield><subfield code='a'>ljh</subfield><subfield code='a'>MARS</subfield><subfield code='a'>kts</subfield><subfield code='n'>merged #2516318, 1/4/08</subfield></datafield><datafield ind1=' ' ind2=' ' tag='910'><subfield code='a'>RL</subfield></datafield><datafield ind1='0' ind2='0' tag='907'><subfield code='a'>.b221677276</subfield></datafield><datafield ind1=' ' ind2=' ' tag='035'><subfield code='a'>(OCoLC)173413</subfield></datafield><datafield ind1=' ' ind2=' ' tag='901'><subfield code='a'>71aef4e0-f03d-4412-add2-6b66c3753587</subfield><subfield code='b'>12</subfield><subfield code='c'>false</subfield></datafield><datafield ind1='8' ind2=' ' tag='852'><subfield code='h'>J 398.2 S</subfield><subfield code='0'>6773927</subfield><subfield code='b'>scsbnypl</subfield></datafield><datafield ind1=' ' ind2=' ' tag='876'><subfield code='0'>6773927</subfield><subfield code='a'>10928779</subfield><subfield code='j'>Available</subfield><subfield code='p'>33333023357292</subfield><subfield code='t'>1</subfield><subfield code='x'>Open</subfield><subfield code='z'>NH</subfield><subfield code='l'>RECAP</subfield></datafield></record>