
<record><leader>01035cam a2200301 a 4500</leader><controlfield tag='001'>SCSB-2633885</controlfield><controlfield tag='003'>NNC</controlfield><controlfield tag='005'>20220525221115.0</controlfield><controlfield tag='008'>890222s1987    mx       b    000 0 spa d</controlfield><controlfield tag='009'>664427</controlfield><datafield ind1=' ' ind2=' ' tag='020'><subfield code='a'>9688561193</subfield></datafield><datafield ind1=' ' ind2=' ' tag='035'><subfield code='a'>(OCoLC)ocm19247045</subfield></datafield><datafield ind1=' ' ind2=' ' tag='035'><subfield code='a'>(CStRLIN)NYCG88-B50677</subfield></datafield><datafield ind1=' ' ind2=' ' tag='035'><subfield code='9'>ACX2563CU</subfield></datafield><datafield ind1=' ' ind2=' ' tag='035'><subfield code='a'>664427</subfield></datafield><datafield ind1=' ' ind2=' ' tag='040'><subfield code='a'>UIU</subfield><subfield code='c'>UIU</subfield></datafield><datafield ind1=' ' ind2=' ' tag='043'><subfield code='a'>n-mx---</subfield></datafield><datafield ind1='1' ind2=' ' tag='100'><subfield code='a'>Guinsberg, Enrique.</subfield><subfield code='0'>http://id.loc.gov/authorities/names/n80008701</subfield></datafield><datafield ind1='1' ind2='0' tag='245'><subfield code='a'>Publicidad :</subfield><subfield code='b'>manipulación para la reproducción /</subfield><subfield code='c'>Enrique Guinsberg.</subfield></datafield><datafield ind1=' ' ind2=' ' tag='260'><subfield code='a'>Xochimilco :</subfield><subfield code='b'>Universidad Autónoma Metropolitana Unidad Xochimilco ;</subfield><subfield code='a'>[México, D.F.] :</subfield><subfield code='b'>Plaza &amp; Janés,</subfield><subfield code='c'>1987.</subfield></datafield><datafield ind1=' ' ind2=' ' tag='300'><subfield code='a'>324 pages ;</subfield><subfield code='c'>21 cm</subfield></datafield><datafield ind1=' ' ind2=' ' tag='336'><subfield code='a'>text</subfield><subfield code='2'>rdacontent</subfield></datafield><datafield ind1=' ' ind2=' ' tag='337'><subfield code='a'>unmediated</subfield><subfield code='2'>rdamedia</subfield></datafield><datafield ind1=' ' ind2=' ' tag='338'><subfield code='a'>volume</subfield><subfield code='2'>rdacarrier</subfield></datafield><datafield ind1=' ' ind2=' ' tag='504'><subfield code='a'>Bibliography: p. 317-324.</subfield></datafield><datafield ind1=' ' ind2='0' tag='650'><subfield code='a'>Advertising</subfield><subfield code='z'>Mexico.</subfield></datafield><datafield ind1='2' ind2=' ' tag='710'><subfield code='a'>Universidad Autónoma Metropolitana.</subfield><subfield code='b'>Unidad Xochimilco.</subfield><subfield code='0'>http://id.loc.gov/authorities/names/n50059814</subfield></datafield><datafield ind1=' ' ind2=' ' tag='901'><subfield code='a'>be0e1712-ef73-460d-8d71-e832ecd3bbfb</subfield><subfield code='b'>25</subfield><subfield code='c'>false</subfield></datafield><datafield ind1='0' ind2='0' tag='852'><subfield code='h'>HF5813.L29 G846 1987g</subfield><subfield code='0'>2611597</subfield><subfield code='b'>scsbcul</subfield></datafield><datafield ind1=' ' ind2=' ' tag='876'><subfield code='0'>2611597</subfield><subfield code='a'>4162137</subfield><subfield code='h'> </subfield><subfield code='j'>Available</subfield><subfield code='p'>CU60290420</subfield><subfield code='t'>1</subfield><subfield code='x'>Open</subfield><subfield code='z'>CU</subfield><subfield code='l'>RECAP</subfield></datafield></record>