
<record><leader>00000cam a2200325 a 4500</leader><controlfield tag='001'>SCSB-11764634</controlfield><controlfield tag='005'>20070820101953.0</controlfield><controlfield tag='008'>070710s2006    sy h     b    001 0carard</controlfield><controlfield tag='009'>990108198070203941</controlfield><datafield ind1=' ' ind2=' ' tag='035'><subfield code='a'>(OCoLC)154213252</subfield></datafield><datafield ind1=' ' ind2=' ' tag='040'><subfield code='a'>PUL</subfield><subfield code='c'>PUL</subfield><subfield code='d'>PUL</subfield></datafield><datafield ind1='0' ind2=' ' tag='100'><subfield code='6'>880-01</subfield><subfield code='a'>Nawawī,</subfield><subfield code='d'>1233-1277</subfield></datafield><datafield ind1='0' ind2=' ' tag='880'><subfield code='6'>100-01/</subfield><subfield code='a'>نووي،</subfield><subfield code='d'>1233-1277.</subfield></datafield><datafield ind1='1' ind2='0' tag='245'><subfield code='6'>880-02</subfield><subfield code='a'>Tahdhīb al-asmāʼ wa-al-lughāt /</subfield><subfield code='c'>taʼlīf Abī Zakarīyā Yaḥyá ibn Sharaf al-Nawawī al-Dimashqī ; akmalahu wa-ḥaqqaqa nuṣūṣahu wa-kharraja aḥādīthahu wa-ʻallaqa ʻalayh ʻAbduh ʻAlī Kūshak.</subfield></datafield><datafield ind1='1' ind2='0' tag='880'><subfield code='6'>245-02/</subfield><subfield code='a'>تهذيب الاسماء واللغات /</subfield><subfield code='c'>تأليف ابي زكريا يحيى بن شرف النووي الدمشقي ؛ اكمله وحقق نصوصه وخرج احاديثه وعلق عليه عبده علي كوشك.</subfield></datafield><datafield ind1=' ' ind2=' ' tag='250'><subfield code='6'>880-03</subfield><subfield code='a'>al-Ṭabʻah 1., ṭabʻah muḥaqqaqah.</subfield></datafield><datafield ind1=' ' ind2=' ' tag='880'><subfield code='6'>250-03/</subfield><subfield code='a'>الطبعة 1.، طبعة محققة.</subfield></datafield><datafield ind1=' ' ind2=' ' tag='260'><subfield code='6'>880-04</subfield><subfield code='a'>Dimashq :</subfield><subfield code='b'>Dār al-Fayḥāʼ :</subfield><subfield code='b'>Dār al-Manhal Nāshirūn,</subfield><subfield code='c'>2006.</subfield></datafield><datafield ind1=' ' ind2=' ' tag='880'><subfield code='6'>260-04/</subfield><subfield code='a'>دمشق :</subfield><subfield code='b'>دار الفيحاء :</subfield><subfield code='b'>دار المنهل ناشرون،</subfield><subfield code='c'>2006.</subfield></datafield><datafield ind1=' ' ind2=' ' tag='300'><subfield code='a'>4 v. :</subfield><subfield code='b'>facsims. ;</subfield><subfield code='c'>25 cm.</subfield></datafield><datafield ind1=' ' ind2=' ' tag='504'><subfield code='a'>Includes bibliographical references (v. 4, p. 407-430) and indexes.</subfield></datafield><datafield ind1='0' ind2='0' tag='505'><subfield code='g'>Mujallad 1-2.</subfield><subfield code='t'>Qism al-asmāʼ --</subfield><subfield code='g'>mujallad 3.</subfield><subfield code='t'>Qism al-lughāt --</subfield><subfield code='g'>mujallad 4.</subfield><subfield code='t'>Fahāris al-ʻāmmah.</subfield></datafield><datafield ind1=' ' ind2='0' tag='650'><subfield code='a'>Muslims</subfield><subfield code='v'>Biography</subfield><subfield code='v'>Early works to 1800</subfield></datafield><datafield ind1=' ' ind2='0' tag='650'><subfield code='a'>Islam</subfield><subfield code='v'>Dictionaries</subfield><subfield code='x'>Arabic</subfield><subfield code='v'>Early works to 1800.</subfield></datafield><datafield ind1=' ' ind2='0' tag='650'><subfield code='a'>Arabic language</subfield><subfield code='v'>Dictionaries</subfield><subfield code='v'>Early works to 1800.</subfield></datafield><datafield ind1=' ' ind2='7' tag='655'><subfield code='a'>Biographies</subfield><subfield code='2'>fast</subfield><subfield code='0'>(OCoLC)fst01919896</subfield></datafield><datafield ind1=' ' ind2='7' tag='655'><subfield code='a'>Dictionaries</subfield><subfield code='2'>fast</subfield><subfield code='0'>(OCoLC)fst01423826</subfield></datafield><datafield ind1=' ' ind2='7' tag='655'><subfield code='a'>Early works</subfield><subfield code='2'>fast</subfield><subfield code='0'>(OCoLC)fst01411636</subfield></datafield><datafield ind1=' ' ind2='7' tag='655'><subfield code='a'>Biographies</subfield><subfield code='2'>lcgft</subfield></datafield><datafield ind1='1' ind2=' ' tag='700'><subfield code='6'>880-05</subfield><subfield code='a'>Kūshak, ʻAbduh ʻAlī</subfield></datafield><datafield ind1='1' ind2=' ' tag='880'><subfield code='6'>700-05/</subfield><subfield code='a'>كوشك، عبده علي.</subfield></datafield><datafield ind1=' ' ind2=' ' tag='752'><subfield code='a'>Syria</subfield><subfield code='d'>Damascus.</subfield></datafield><datafield ind1='1' ind2=' ' tag='583'><subfield code='a'>committed to retain</subfield><subfield code='c'>20181001</subfield><subfield code='d'>in perpetuity</subfield><subfield code='f'>ReCAP Shared Collection</subfield><subfield code='5'>HUL</subfield><subfield code='8'>222101182990003941</subfield></datafield><datafield ind1=' ' ind2='0' tag='966'><subfield code='8'>0</subfield><subfield code='a'>4 v.</subfield><subfield code='8'>222101182990003941</subfield></datafield><datafield ind1='0' ind2=' ' tag='852'><subfield code='c'>HD</subfield><subfield code='0'>12583031</subfield><subfield code='b'>scsbhl</subfield></datafield><datafield ind1=' ' ind2=' ' tag='876'><subfield code='0'>12583031</subfield><subfield code='3'>v.4</subfield><subfield code='a'>18365140</subfield><subfield code='h'> </subfield><subfield code='j'>Available</subfield><subfield code='k'>WID</subfield><subfield code='p'>32044098598964</subfield><subfield code='x'>Shared</subfield><subfield code='z'>HW</subfield><subfield code='l'>HD</subfield></datafield><datafield ind1=' ' ind2=' ' tag='876'><subfield code='0'>12583031</subfield><subfield code='3'>v.1</subfield><subfield code='a'>18365141</subfield><subfield code='h'> </subfield><subfield code='j'>Available</subfield><subfield code='k'>WID</subfield><subfield code='p'>32044098598931</subfield><subfield code='x'>Shared</subfield><subfield code='z'>HW</subfield><subfield code='l'>HD</subfield></datafield><datafield ind1=' ' ind2=' ' tag='876'><subfield code='0'>12583031</subfield><subfield code='3'>v.2</subfield><subfield code='a'>18365142</subfield><subfield code='h'> </subfield><subfield code='j'>Available</subfield><subfield code='k'>WID</subfield><subfield code='p'>32044098598949</subfield><subfield code='x'>Shared</subfield><subfield code='z'>HW</subfield><subfield code='l'>HD</subfield></datafield><datafield ind1=' ' ind2=' ' tag='876'><subfield code='0'>12583031</subfield><subfield code='3'>v.3</subfield><subfield code='a'>18365143</subfield><subfield code='h'> </subfield><subfield code='j'>Available</subfield><subfield code='k'>WID</subfield><subfield code='p'>32044098598956</subfield><subfield code='x'>Shared</subfield><subfield code='z'>HW</subfield><subfield code='l'>HD</subfield></datafield></record>