
<record><leader>01351cam a2200313 i 4500</leader><controlfield tag='001'>SCSB-6758309</controlfield><controlfield tag='005'>20001116192653.8</controlfield><controlfield tag='008'>900312r19771927le            000 0 arax </controlfield><controlfield tag='009'>.b100185071</controlfield><datafield ind1=' ' ind2=' ' tag='010'><subfield code='a'>76960992</subfield></datafield><datafield ind1=' ' ind2=' ' tag='040'><subfield code='a'>NN</subfield><subfield code='c'>NN</subfield><subfield code='d'>WaOLN</subfield></datafield><datafield ind1='0' ind2='0' tag='050'><subfield code='a'>BP70</subfield><subfield code='b'>N38 1977</subfield></datafield><datafield ind1='0' ind2=' ' tag='100'><subfield code='a'>Nawawī,</subfield><subfield code='d'>1233-1277.</subfield></datafield><datafield ind1='1' ind2='0' tag='245'><subfield code='a'>Tahdhīb al-asmāʼ wa-al-lughāt /</subfield><subfield code='c'>li-Abī zakarīyā Muḥyī al-Dīn ibn Sharaf al-Nawawī ; ʻuniyat bi-nashrihi wa-taṣḥi⁾hihi wa-al-taʻlīq ʻalayhi wa-muqābalat uṣūlihi Sharikat al-ʻUlamāʼ bi-musāʻadat idārat al-Ṭibāʻah al-Munīrīyah.</subfield></datafield><datafield ind1=' ' ind2=' ' tag='260'><subfield code='a'>Bayrūt :</subfield><subfield code='b'>Dār al-Kutub al-ʻIlmīyah,</subfield><subfield code='c'>[1977?]</subfield></datafield><datafield ind1=' ' ind2=' ' tag='300'><subfield code='a'>4 v. in 2 ;</subfield><subfield code='c'>25 cm.</subfield></datafield><datafield ind1=' ' ind2=' ' tag='534'><subfield code='p'>Reprint. Originally published:</subfield><subfield code='c'>Cairo: Idārat al-Ṭibāʻah al-Munīrīyah, 1927.</subfield></datafield><datafield ind1='0' ind2=' ' tag='505'><subfield code='a'>Qism 1. Tahdhīb al-asmāʼ -- Qism 2. Tahdhīb al-lughāt.</subfield></datafield><datafield ind1=' ' ind2=' ' tag='546'><subfield code='a'>In Arabic.</subfield></datafield><datafield ind1=' ' ind2='0' tag='650'><subfield code='a'>Islam</subfield><subfield code='v'>Biography.</subfield></datafield><datafield ind1=' ' ind2='0' tag='650'><subfield code='a'>Islam</subfield><subfield code='v'>Dictionaries</subfield><subfield code='x'>Arabic.</subfield></datafield><datafield ind1=' ' ind2='0' tag='650'><subfield code='a'>Arabic language</subfield><subfield code='v'>Dictionaries.</subfield></datafield><datafield ind1=' ' ind2=' ' tag='907'><subfield code='a'>.b100185071</subfield><subfield code='c'>m</subfield><subfield code='d'>a</subfield><subfield code='e'>-</subfield><subfield code='f'>ara</subfield><subfield code='g'>le</subfield><subfield code='h'>0</subfield><subfield code='i'>2</subfield></datafield><datafield ind1='8' ind2=' ' tag='852'><subfield code='h'>*OEO 89-19812</subfield><subfield code='0'>6840493</subfield><subfield code='b'>scsbnypl</subfield></datafield><datafield ind1=' ' ind2=' ' tag='866'><subfield code='a'>v. 1, v. 2</subfield><subfield code='0'>6840493</subfield></datafield><datafield ind1=' ' ind2=' ' tag='876'><subfield code='0'>6840493</subfield><subfield code='3'>v. 1</subfield><subfield code='a'>11002123</subfield><subfield code='j'>Available</subfield><subfield code='p'>33433002890998</subfield><subfield code='t'>1</subfield><subfield code='x'>Open</subfield><subfield code='z'>NA</subfield><subfield code='l'>RECAP</subfield></datafield><datafield ind1=' ' ind2=' ' tag='876'><subfield code='0'>6840493</subfield><subfield code='3'>v. 2</subfield><subfield code='a'>11002124</subfield><subfield code='j'>Available</subfield><subfield code='p'>33433002891004</subfield><subfield code='t'>1</subfield><subfield code='x'>Open</subfield><subfield code='z'>NA</subfield><subfield code='l'>RECAP</subfield></datafield></record>