
<record><leader>00000cam a2200517Ii 4500</leader><controlfield tag='001'>SCSB-9797684</controlfield><controlfield tag='003'>OCoLC</controlfield><controlfield tag='005'>20201208120157.5</controlfield><controlfield tag='008'>190810s2019    gw a     b    000 0 ger dcamIi </controlfield><controlfield tag='009'>.b220266025</controlfield><datafield ind1='1' ind2=' ' tag='100'><subfield code='a'>Jerjen, Vera.</subfield><subfield code='4'>aut</subfield></datafield><datafield ind1='0' ind2='0' tag='600'><subfield code='a'>Thomasin,</subfield><subfield code='c'>von Zerclaere,</subfield><subfield code='d'>approximately 1186-approximately 1235.</subfield><subfield code='t'>Wälsche Gast.</subfield></datafield><datafield ind1=' ' ind2='0' tag='650'><subfield code='a'>Didactic literature, German</subfield><subfield code='x'>History and criticism.</subfield></datafield><datafield ind1=' ' ind2='0' tag='650'><subfield code='a'>Self-perception in literature.</subfield></datafield><datafield ind1='0' ind2='7' tag='630'><subfield code='a'>Wälsche Gast (Thomasin, von Zerclaere)</subfield><subfield code='2'>fast</subfield><subfield code='0'>(OCoLC)fst01361799</subfield></datafield><datafield ind1=' ' ind2='7' tag='650'><subfield code='a'>Didactic literature, German.</subfield><subfield code='2'>fast</subfield><subfield code='0'>(OCoLC)fst00892958</subfield></datafield><datafield ind1=' ' ind2='7' tag='650'><subfield code='a'>Self-perception in literature.</subfield><subfield code='2'>fast</subfield><subfield code='0'>(OCoLC)fst01111836</subfield></datafield><datafield ind1=' ' ind2='7' tag='655'><subfield code='a'>Criticism, interpretation, etc.</subfield><subfield code='2'>fast</subfield><subfield code='0'>(OCoLC)fst01411635</subfield></datafield><datafield ind1=' ' ind2=' ' tag='020'><subfield code='a'>9783954904181</subfield><subfield code='q'>cloth</subfield></datafield><datafield ind1=' ' ind2=' ' tag='020'><subfield code='a'>3954904187</subfield><subfield code='q'>cloth</subfield></datafield><datafield ind1=' ' ind2=' ' tag='010'><subfield code='a'>  2019435935</subfield></datafield><datafield ind1='3' ind2=' ' tag='024'><subfield code='a'>9783954904181</subfield></datafield><datafield ind1=' ' ind2=' ' tag='500'><subfield code='a'>Thesis (doctoral)--Universität Freiburg (Schweiz), 2015.</subfield></datafield><datafield ind1=' ' ind2=' ' tag='504'><subfield code='a'>Includes bibliographical references and sources (pages 227-256).</subfield></datafield><datafield ind1='8' ind2=' ' tag='520'><subfield code='a'>Der &apos;Welsche Gast&apos; Thomasins von Zerclaere ist eine um 1215/16 entstandene, mit einem umfangreichen Bilderzyklus ausgestattete mittelhochdeutsche Verhaltenslehre. Der Text kann auf den ersten Blick als zusammengewürfeltes Sammelsurium an Einzelermahnungen erscheinen, unterfüttert mit Einspielungen aus enzyklopädischen Wissensbeständen. Die vorliegende Untersuchung zeigt, dass sich die zahlreichen Einzelermahnungen bei genauerem Hinsehen zu einem planvoll aufgebauten, zusammenhängenden Ganzen verbinden, das darauf zielt, beim Rezipienten Erkenntnisprozesse einzuleiten.</subfield></datafield><datafield ind1=' ' ind2='1' tag='264'><subfield code='a'>Wiesbaden :</subfield><subfield code='b'>Reichert Verlag,</subfield><subfield code='c'>2019.</subfield></datafield><datafield ind1=' ' ind2=' ' tag='300'><subfield code='a'>288 pages :</subfield><subfield code='b'>47 color illustrations ;</subfield><subfield code='c'>25 cm.</subfield></datafield><datafield ind1=' ' ind2=' ' tag='336'><subfield code='a'>still image</subfield><subfield code='b'>sti</subfield><subfield code='2'>rdacontent</subfield></datafield><datafield ind1=' ' ind2=' ' tag='336'><subfield code='a'>text</subfield><subfield code='b'>txt</subfield><subfield code='2'>rdacontent</subfield></datafield><datafield ind1=' ' ind2=' ' tag='337'><subfield code='a'>unmediated</subfield><subfield code='b'>n</subfield><subfield code='2'>rdamedia</subfield></datafield><datafield ind1=' ' ind2=' ' tag='338'><subfield code='a'>volume</subfield><subfield code='b'>nc</subfield><subfield code='2'>rdacarrier</subfield></datafield><datafield ind1='1' ind2=' ' tag='490'><subfield code='a'>Scrinium Friburgense,</subfield><subfield code='x'>1422-4445 ;</subfield><subfield code='v'>Band 45</subfield></datafield><datafield ind1=' ' ind2='0' tag='830'><subfield code='a'>Scrinium Friburgense ;</subfield><subfield code='v'>Bd. 45.</subfield></datafield><datafield ind1='1' ind2='0' tag='245'><subfield code='a'>Arbeiten an Welt- und Selbstbild im &apos;Welschen Gast&apos; Thomasins von Zerclære /</subfield><subfield code='c'>von Vera Jerjen.</subfield></datafield><datafield ind1=' ' ind2=' ' tag='040'><subfield code='a'>OHX</subfield><subfield code='b'>eng</subfield><subfield code='c'>OHX</subfield><subfield code='d'>ERASA</subfield><subfield code='d'>QGE</subfield><subfield code='d'>COO</subfield><subfield code='d'>OCLCO</subfield><subfield code='d'>EMU</subfield><subfield code='d'>OCLCF</subfield><subfield code='d'>YDX</subfield><subfield code='d'>DLC</subfield></datafield><datafield ind1=' ' ind2=' ' tag='049'><subfield code='a'>NYPP</subfield></datafield><datafield ind1=' ' ind2='4' tag='050'><subfield code='a'>PT1658.T4</subfield><subfield code='b'>J57 2019</subfield></datafield><datafield ind1=' ' ind2='7' tag='072'><subfield code='a'>PT</subfield><subfield code='2'>lcco</subfield></datafield><datafield ind1='0' ind2='4' tag='082'><subfield code='a'>430</subfield></datafield><datafield ind1=' ' ind2=' ' tag='901'><subfield code='a'>MARS</subfield></datafield><datafield ind1=' ' ind2='4' tag='908'><subfield code='a'>PT1658.T4</subfield><subfield code='b'>J57 2019</subfield></datafield><datafield ind1=' ' ind2=' ' tag='901'><subfield code='a'>W2Sbot</subfield><subfield code='b'>CATRL</subfield></datafield><datafield ind1=' ' ind2=' ' tag='945'><subfield code='a'>.b22026602a</subfield></datafield><datafield ind1=' ' ind2=' ' tag='981'><subfield code='d'>har195014561</subfield></datafield><datafield ind1=' ' ind2=' ' tag='910'><subfield code='a'>RL</subfield></datafield><datafield ind1='0' ind2='0' tag='907'><subfield code='a'>.b220266025</subfield></datafield><datafield ind1=' ' ind2=' ' tag='035'><subfield code='a'>(OCoLC)1112081076</subfield></datafield><datafield ind1=' ' ind2=' ' tag='901'><subfield code='a'>3d773b59-e60c-48e2-93a6-eab2806ec78b</subfield><subfield code='b'>25</subfield><subfield code='c'>false</subfield></datafield><datafield ind1='8' ind2=' ' tag='852'><subfield code='h'>ReCAP 21-98571</subfield><subfield code='0'>10469828</subfield><subfield code='b'>scsbnypl</subfield></datafield><datafield ind1=' ' ind2=' ' tag='876'><subfield code='0'>10469828</subfield><subfield code='a'>16191320</subfield><subfield code='j'>Available</subfield><subfield code='p'>33433131553145</subfield><subfield code='t'>1</subfield><subfield code='x'>Open</subfield><subfield code='z'>NA</subfield><subfield code='l'>RECAP</subfield></datafield></record>