
<record><leader>01976cam a2200385ui 4500</leader><controlfield tag='001'>SCSB-9533712</controlfield><controlfield tag='003'>NNC</controlfield><controlfield tag='005'>20240625180926.0</controlfield><controlfield tag='008'>190810s2019    gw a          000 0 ger d</controlfield><controlfield tag='009'>14330719</controlfield><datafield ind1=' ' ind2=' ' tag='020'><subfield code='a'>9783954904181</subfield><subfield code='q'>cloth</subfield></datafield><datafield ind1=' ' ind2=' ' tag='020'><subfield code='a'>3954904187</subfield><subfield code='q'>cloth</subfield></datafield><datafield ind1='3' ind2=' ' tag='024'><subfield code='a'>9783954904181</subfield></datafield><datafield ind1=' ' ind2=' ' tag='035'><subfield code='a'>(OCoLC)on1112081076</subfield></datafield><datafield ind1=' ' ind2=' ' tag='035'><subfield code='a'>(OCoLC)1112081076</subfield></datafield><datafield ind1=' ' ind2=' ' tag='035'><subfield code='a'>14330719</subfield></datafield><datafield ind1=' ' ind2=' ' tag='040'><subfield code='a'>OHX</subfield><subfield code='b'>eng</subfield><subfield code='c'>OHX</subfield><subfield code='d'>ERASA</subfield><subfield code='d'>QGE</subfield></datafield><datafield ind1=' ' ind2=' ' tag='049'><subfield code='a'>ZCUA</subfield></datafield><datafield ind1=' ' ind2='4' tag='050'><subfield code='a'>PT1658.T4</subfield><subfield code='b'>J57 2019</subfield></datafield><datafield ind1=' ' ind2='7' tag='072'><subfield code='a'>PT</subfield><subfield code='2'>lcco</subfield></datafield><datafield ind1='0' ind2='4' tag='082'><subfield code='a'>430</subfield></datafield><datafield ind1=' ' ind2=' ' tag='090'><subfield code='a'>PT1658.T4</subfield><subfield code='b'>J57 2019</subfield></datafield><datafield ind1='1' ind2=' ' tag='100'><subfield code='a'>Jerjen, Vera,</subfield><subfield code='e'>author.</subfield><subfield code='4'>http://id.loc.gov/vocabulary/relators/aut</subfield><subfield code='0'>http://id.loc.gov/authorities/names/no2015117830</subfield></datafield><datafield ind1='1' ind2='0' tag='245'><subfield code='a'>Arbeiten an Welt- und Selbstbild im &apos;Welschen Gast&apos; Thomasins von Zerclære /</subfield><subfield code='c'>von Vera Jerjen.</subfield></datafield><datafield ind1=' ' ind2='1' tag='264'><subfield code='a'>Wiesbaden :</subfield><subfield code='b'>Reichert Verlag,</subfield><subfield code='c'>2019.</subfield></datafield><datafield ind1=' ' ind2='4' tag='264'><subfield code='c'>©2019</subfield></datafield><datafield ind1=' ' ind2=' ' tag='300'><subfield code='a'>288 pages :</subfield><subfield code='b'>47 color illustrations ;</subfield><subfield code='c'>25 cm.</subfield></datafield><datafield ind1=' ' ind2=' ' tag='336'><subfield code='a'>text</subfield><subfield code='b'>txt</subfield><subfield code='2'>rdacontent</subfield></datafield><datafield ind1=' ' ind2=' ' tag='337'><subfield code='a'>unmediated</subfield><subfield code='b'>n</subfield><subfield code='2'>rdamedia</subfield></datafield><datafield ind1=' ' ind2=' ' tag='338'><subfield code='a'>volume</subfield><subfield code='b'>nc</subfield><subfield code='2'>rdacarrier</subfield></datafield><datafield ind1='1' ind2=' ' tag='490'><subfield code='a'>Scrinium Friburgense,</subfield><subfield code='x'>1422-4445 ;</subfield><subfield code='v'>Band 45</subfield></datafield><datafield ind1=' ' ind2=' ' tag='500'><subfield code='a'>Thesis (doctoral)--Universität Freiburg (Schweiz), 2015.</subfield></datafield><datafield ind1=' ' ind2=' ' tag='504'><subfield code='a'>Includes bibliographical references and sources (pages 227-256).</subfield></datafield><datafield ind1='8' ind2=' ' tag='520'><subfield code='a'>Der &apos;Welsche Gast&apos; Thomasins von Zerclaere ist eine um 1215/16 entstandene, mit einem umfangreichen Bilderzyklus ausgestattete mittelhochdeutsche Verhaltenslehre. Der Text kann auf den ersten Blick als zusammengewürfeltes Sammelsurium an Einzelermahnungen erscheinen, unterfüttert mit Einspielungen aus enzyklopädischen Wissensbeständen. Die vorliegende Untersuchung zeigt, dass sich die zahlreichen Einzelermahnungen bei genauerem Hinsehen zu einem planvoll aufgebauten, zusammenhängenden Ganzen verbinden, das darauf zielt, beim Rezipienten Erkenntnisprozesse einzuleiten.</subfield></datafield><datafield ind1=' ' ind2='0' tag='830'><subfield code='a'>Scrinium Friburgense ;</subfield><subfield code='v'>Bd. 45.</subfield><subfield code='0'>http://id.loc.gov/authorities/names/n97089246</subfield></datafield><datafield ind1=' ' ind2=' ' tag='901'><subfield code='a'>3d773b59-e60c-48e2-93a6-eab2806ec78b</subfield><subfield code='b'>25</subfield><subfield code='c'>false</subfield></datafield><datafield ind1='0' ind2='0' tag='852'><subfield code='h'>PT1658.T4 J57 2019g</subfield><subfield code='0'>10112158</subfield><subfield code='b'>scsbcul</subfield></datafield><datafield ind1=' ' ind2=' ' tag='876'><subfield code='0'>10112158</subfield><subfield code='a'>15826153</subfield><subfield code='h'> </subfield><subfield code='j'>Available</subfield><subfield code='p'>CU26957116</subfield><subfield code='t'>1</subfield><subfield code='x'>Shared</subfield><subfield code='z'>CU</subfield><subfield code='l'>RECAP</subfield></datafield></record>