
<record><leader>01189cam a2200301Ia 4500</leader><controlfield tag='001'>SCSB-5070508</controlfield><controlfield tag='003'>NNC</controlfield><controlfield tag='005'>20221109192128.0</controlfield><controlfield tag='008'>040927t20042004gw a     b    000 0 ger d</controlfield><controlfield tag='009'>4863810</controlfield><datafield ind1=' ' ind2=' ' tag='020'><subfield code='a'>3110175436 (pbk.)</subfield></datafield><datafield ind1=' ' ind2=' ' tag='035'><subfield code='a'>(OCoLC)ocm56579637</subfield></datafield><datafield ind1=' ' ind2=' ' tag='035'><subfield code='a'>(NNC)4863810</subfield></datafield><datafield ind1=' ' ind2=' ' tag='035'><subfield code='a'>4863810</subfield></datafield><datafield ind1=' ' ind2=' ' tag='040'><subfield code='a'>OSU</subfield><subfield code='c'>OSU</subfield></datafield><datafield ind1='0' ind2=' ' tag='041'><subfield code='a'>ger</subfield><subfield code='a'>gmh</subfield></datafield><datafield ind1=' ' ind2=' ' tag='090'><subfield code='a'>PT1658.T4</subfield><subfield code='b'>W3 2004</subfield></datafield><datafield ind1='0' ind2=' ' tag='100'><subfield code='a'>Thomasin,</subfield><subfield code='c'>von Zerclaere,</subfield><subfield code='d'>approximately 1186-approximately 1235.</subfield><subfield code='0'>http://id.loc.gov/authorities/names/n50054824</subfield></datafield><datafield ind1='1' ind2='0' tag='240'><subfield code='a'>Wälsche Gast</subfield><subfield code='0'>http://id.loc.gov/authorities/names/n83228271</subfield></datafield><datafield ind1='1' ind2='4' tag='245'><subfield code='a'>Der Welsche Gast /</subfield><subfield code='c'>Thomasin von Zerclaere ; ausgewählt, eingeleitet, übersetzt und mit Anmerkungen versehen von Eva Willms.</subfield></datafield><datafield ind1=' ' ind2=' ' tag='260'><subfield code='a'>Berlin ;</subfield><subfield code='a'>New York :</subfield><subfield code='b'>De Gruyter,</subfield><subfield code='c'>[2004], ©2004.</subfield></datafield><datafield ind1=' ' ind2=' ' tag='300'><subfield code='a'>201 pages :</subfield><subfield code='b'>illustrations ;</subfield><subfield code='c'>25 cm.</subfield></datafield><datafield ind1=' ' ind2=' ' tag='336'><subfield code='a'>text</subfield><subfield code='b'>txt</subfield><subfield code='2'>rdacontent</subfield></datafield><datafield ind1=' ' ind2=' ' tag='337'><subfield code='a'>unmediated</subfield><subfield code='b'>n</subfield><subfield code='2'>rdamedia</subfield></datafield><datafield ind1='1' ind2=' ' tag='490'><subfield code='a'>De Gruyter Texte</subfield></datafield><datafield ind1=' ' ind2=' ' tag='504'><subfield code='a'>Includes bibliographical references (p. [199]-201).</subfield></datafield><datafield ind1='1' ind2=' ' tag='700'><subfield code='a'>Willms, Eva.</subfield><subfield code='0'>http://id.loc.gov/authorities/names/nr89000909</subfield></datafield><datafield ind1=' ' ind2='0' tag='830'><subfield code='a'>De Gruyter Texte.</subfield><subfield code='0'>http://id.loc.gov/authorities/names/no2002039711</subfield></datafield><datafield ind1='0' ind2='0' tag='852'><subfield code='h'>PT1658.T4 W3 2004g</subfield><subfield code='0'>5054856</subfield><subfield code='b'>scsbcul</subfield></datafield><datafield ind1=' ' ind2=' ' tag='876'><subfield code='0'>5054856</subfield><subfield code='a'>7605395</subfield><subfield code='h'> </subfield><subfield code='j'>Available</subfield><subfield code='p'>CU71717242</subfield><subfield code='t'>1</subfield><subfield code='x'>Shared</subfield><subfield code='z'>CU</subfield><subfield code='l'>RECAP</subfield></datafield></record>