
<record><leader>00000cam a22003014a 4500</leader><controlfield tag='001'>SCSB-11435381</controlfield><controlfield tag='005'>20101209131902.0</controlfield><controlfield tag='008'>091007s2009    miu      b    001 0 eng  </controlfield><controlfield tag='009'>990126115740203941</controlfield><datafield ind1=' ' ind2=' ' tag='010'><subfield code='a'>^^2009040821</subfield></datafield><datafield ind1=' ' ind2=' ' tag='020'><subfield code='a'>9781580441452 (paperbound : alk. paper)</subfield></datafield><datafield ind1=' ' ind2=' ' tag='035'><subfield code='a'>(OCoLC)455418202</subfield></datafield><datafield ind1=' ' ind2=' ' tag='040'><subfield code='a'>DLC</subfield><subfield code='c'>DLC</subfield><subfield code='d'>DLC</subfield></datafield><datafield ind1='1' ind2=' ' tag='041'><subfield code='a'>eng</subfield><subfield code='h'>ger</subfield><subfield code='h'>gmh</subfield></datafield><datafield ind1='0' ind2='0' tag='050'><subfield code='a'>PT1658.T4</subfield><subfield code='b'>A25 2009</subfield></datafield><datafield ind1='0' ind2='0' tag='082'><subfield code='a'>831/.2</subfield><subfield code='2'>22</subfield></datafield><datafield ind1='0' ind2=' ' tag='100'><subfield code='a'>Thomasin,</subfield><subfield code='c'>von Zerclaere,</subfield><subfield code='d'>approximately 1186-approximately 1235</subfield></datafield><datafield ind1='1' ind2='0' tag='240'><subfield code='a'>Wälsche Gast.</subfield><subfield code='l'>English</subfield></datafield><datafield ind1='1' ind2='4' tag='245'><subfield code='a'>Der Welsche Gast =</subfield><subfield code='b'>The Italian guest /</subfield><subfield code='c'>Thomasin von Zirclaria ; translated with introduction and notes by Marion Gibbs and Winder McConnell.</subfield></datafield><datafield ind1='3' ind2='1' tag='246'><subfield code='a'>Italian guest</subfield></datafield><datafield ind1=' ' ind2=' ' tag='260'><subfield code='a'>Kalamazoo, Mich. :</subfield><subfield code='b'>Medieval Institute Publications,</subfield><subfield code='c'>2009.</subfield></datafield><datafield ind1=' ' ind2=' ' tag='300'><subfield code='a'>ix, 248 p. ;</subfield><subfield code='c'>23 cm.</subfield></datafield><datafield ind1='1' ind2=' ' tag='490'><subfield code='a'>Medieval German texts in bilingual editions ;</subfield><subfield code='v'>IV</subfield></datafield><datafield ind1=' ' ind2=' ' tag='504'><subfield code='a'>Includes bibliographical references.</subfield></datafield><datafield ind1='0' ind2=' ' tag='505'><subfield code='a'>A note from the Editor -- Acknowledgments -- Introduction -- Selected bibliography -- The Italian Guest: Thomasin von Zirclaria&apos;s Prose Foreword ; Preface to Book I -- Books I through X -- Notes.</subfield></datafield><datafield ind1=' ' ind2=' ' tag='520'><subfield code='a'>&quot;Over three decades ago, Friedrich Neumann described Thomasin&apos;s Der Welsche Gast as a linguistic phenomenon without comparison within the corpus of German literature of the Hohenstaufen period... Thomasin&apos;s Der Welsche Gast dispenses with any narrative framework which could possibly divert his audience&apos;s attention from the moral lesson at hand. The work betrays the heavy hand of the clerical moralist who moves from providing the younger members of his audience with a primer for proper social etiquette in his early verses to a meticulous analysis of what he clearly viewed as the appropriate ethical code for the nobility of his time, often presented against the backdrop of a thundering condemnation of the state of contemporary affairs. Thomasin directs his words at the representatives of both the lay and religious nobility of Germany. He exhorts them to adhere to the bispele (&apos;examples&apos;) that he provides and to take their bilde (&apos;models&apos;) as the basis for their own behavior. His book, as he clearly indicates at the conclusion, is not intended for dullards, but for the man imbued &apos;mit staete&apos; (&apos;with constancy&apos; [14743]).&quot;--from the Introduction, pages 3-4.</subfield></datafield><datafield ind1='0' ind2='0' tag='600'><subfield code='a'>Thomasin,</subfield><subfield code='c'>von Zerclaere,</subfield><subfield code='d'>approximately 1186-approximately 1235.</subfield><subfield code='t'>Wälsche Gast</subfield></datafield><datafield ind1=' ' ind2='0' tag='650'><subfield code='a'>Virtue</subfield><subfield code='v'>Poetry.</subfield></datafield><datafield ind1=' ' ind2='0' tag='650'><subfield code='a'>Didactic poetry, German</subfield><subfield code='v'>Translations into English.</subfield></datafield><datafield ind1=' ' ind2='7' tag='655'><subfield code='a'>poetry.</subfield><subfield code='2'>aat</subfield></datafield><datafield ind1=' ' ind2='7' tag='655'><subfield code='a'>Early works</subfield><subfield code='2'>fast</subfield><subfield code='0'>(OCoLC)fst01411636</subfield></datafield><datafield ind1=' ' ind2='7' tag='655'><subfield code='a'>Poetry</subfield><subfield code='2'>fast</subfield><subfield code='0'>(OCoLC)fst01423828</subfield></datafield><datafield ind1=' ' ind2='7' tag='655'><subfield code='a'>Translations</subfield><subfield code='2'>fast</subfield><subfield code='0'>(OCoLC)fst01423791</subfield></datafield><datafield ind1=' ' ind2='7' tag='655'><subfield code='a'>Poetry</subfield><subfield code='2'>lcgft</subfield></datafield><datafield ind1=' ' ind2='7' tag='655'><subfield code='a'>Poésie.</subfield><subfield code='2'>rvmgf</subfield></datafield><datafield ind1='1' ind2=' ' tag='700'><subfield code='a'>Gibbs, Marion E.</subfield><subfield code='q'>(Marion Elizabeth),</subfield><subfield code='d'>1940-</subfield></datafield><datafield ind1='1' ind2=' ' tag='700'><subfield code='a'>McConnell, Winder</subfield></datafield><datafield ind1=' ' ind2='0' tag='830'><subfield code='a'>Medieval German texts in bilingual editions ;</subfield><subfield code='v'>4.</subfield></datafield><datafield ind1='1' ind2=' ' tag='583'><subfield code='a'>committed to retain</subfield><subfield code='c'>20181001</subfield><subfield code='d'>in perpetuity</subfield><subfield code='f'>ReCAP Shared Collection</subfield><subfield code='5'>HUL</subfield><subfield code='8'>222134880310003941</subfield></datafield><datafield ind1='0' ind2=' ' tag='852'><subfield code='c'>HD</subfield><subfield code='h'>PT1658.T4</subfield><subfield code='i'>A25 2009</subfield><subfield code='0'>12244086</subfield><subfield code='b'>scsbhl</subfield></datafield><datafield ind1=' ' ind2=' ' tag='876'><subfield code='0'>12244086</subfield><subfield code='a'>18013376</subfield><subfield code='h'> </subfield><subfield code='j'>Not Available</subfield><subfield code='k'>WID</subfield><subfield code='p'>32044117030189</subfield><subfield code='x'>Shared</subfield><subfield code='z'>HW</subfield><subfield code='l'>HD</subfield></datafield></record>