
<record><leader>01627cam a2200385 a 4500</leader><controlfield tag='001'>SCSB-2425244</controlfield><controlfield tag='003'>NNC</controlfield><controlfield tag='005'>20220519011953.0</controlfield><controlfield tag='008'>850822m19841985gw a     b    000 0 ger  </controlfield><controlfield tag='009'>381047</controlfield><datafield ind1=' ' ind2=' ' tag='010'><subfield code='a'>   86142795 </subfield></datafield><datafield ind1=' ' ind2=' ' tag='020'><subfield code='a'>3874526518 (Bd. 1)</subfield></datafield><datafield ind1=' ' ind2=' ' tag='035'><subfield code='a'>(OCoLC)13823652</subfield></datafield><datafield ind1=' ' ind2=' ' tag='035'><subfield code='a'>(OCoLC)ocm13823652</subfield></datafield><datafield ind1=' ' ind2=' ' tag='035'><subfield code='a'>(CStRLIN)NYCG85-B83297</subfield></datafield><datafield ind1=' ' ind2=' ' tag='035'><subfield code='9'>ABR8655CU</subfield></datafield><datafield ind1=' ' ind2=' ' tag='035'><subfield code='a'>(NNC)381047</subfield></datafield><datafield ind1=' ' ind2=' ' tag='035'><subfield code='a'>381047</subfield></datafield><datafield ind1=' ' ind2=' ' tag='040'><subfield code='d'>CStRLIN</subfield><subfield code='d'>NNC</subfield></datafield><datafield ind1='0' ind2=' ' tag='041'><subfield code='a'>gergmh</subfield></datafield><datafield ind1='0' ind2='0' tag='050'><subfield code='a'>PT1658.T4</subfield><subfield code='b'>W3 1984</subfield></datafield><datafield ind1=' ' ind2=' ' tag='090'><subfield code='a'>PT1658.T4</subfield><subfield code='b'>W3 1984</subfield></datafield><datafield ind1='0' ind2=' ' tag='100'><subfield code='a'>Thomasin,</subfield><subfield code='c'>von Zerclaere,</subfield><subfield code='d'>approximately 1186-approximately 1235.</subfield><subfield code='0'>http://id.loc.gov/authorities/names/n50054824</subfield></datafield><datafield ind1='1' ind2='0' tag='240'><subfield code='a'>Wälsche Gast</subfield><subfield code='0'>http://id.loc.gov/authorities/names/n83228271</subfield></datafield><datafield ind1='1' ind2='4' tag='245'><subfield code='a'>Der Welsche Gast /</subfield><subfield code='c'>Thomasin von Zerclaere ; herausgegeben von F.W. von Kries.</subfield></datafield><datafield ind1=' ' ind2=' ' tag='260'><subfield code='a'>Göppingen :</subfield><subfield code='b'>Kümmerle,</subfield><subfield code='c'>1984-1985.</subfield></datafield><datafield ind1=' ' ind2=' ' tag='300'><subfield code='a'>4 volumes :</subfield><subfield code='b'>illustrations ;</subfield><subfield code='c'>21 cm.</subfield></datafield><datafield ind1=' ' ind2=' ' tag='336'><subfield code='a'>text</subfield><subfield code='2'>rdacontent</subfield></datafield><datafield ind1=' ' ind2=' ' tag='337'><subfield code='a'>unmediated</subfield><subfield code='2'>rdamedia</subfield></datafield><datafield ind1=' ' ind2=' ' tag='338'><subfield code='a'>volume</subfield><subfield code='2'>rdacarrier</subfield></datafield><datafield ind1='1' ind2=' ' tag='490'><subfield code='a'>Göppinger Arbeiten zur Germanistik ;</subfield><subfield code='v'>Nr. 425</subfield></datafield><datafield ind1=' ' ind2=' ' tag='504'><subfield code='a'>Bibliography: v. 4, p. 175-181.</subfield></datafield><datafield ind1='0' ind2=' ' tag='505'><subfield code='a'>Bd. 1. Einleitung, Überlieferung, Text, die Varianten des Prosavorworts -- Bd. 2. Die Varianten der Hss. GFAD, der Büdinger und Sibiuer Fragmente, Buch 1-10 -- Bd. 3. Die Varianten der Redaktion S** -- Bd. 4. Die Illustrationen des Welschen Gastes.</subfield></datafield><datafield ind1='1' ind2=' ' tag='700'><subfield code='a'>Kries, F. W. von.</subfield><subfield code='0'>http://id.loc.gov/authorities/names/n85291296</subfield></datafield><datafield ind1=' ' ind2='0' tag='830'><subfield code='a'>Göppinger Arbeiten zur Germanistik ;</subfield><subfield code='v'>Nr. 425.</subfield><subfield code='0'>http://id.loc.gov/authorities/names/n83704047</subfield></datafield><datafield ind1='0' ind2='1' tag='852'><subfield code='h'>PT1658.T4 W3 1984</subfield><subfield code='0'>2398393</subfield><subfield code='b'>scsbcul</subfield></datafield><datafield ind1='0' ind2='0' tag='866'><subfield code='a'>4v. 1984-1985</subfield><subfield code='0'>2398393</subfield></datafield><datafield ind1=' ' ind2=' ' tag='876'><subfield code='0'>2398393</subfield><subfield code='3'>v.1</subfield><subfield code='a'>3632623</subfield><subfield code='h'> </subfield><subfield code='j'>Available</subfield><subfield code='p'>CU19151934</subfield><subfield code='t'>1</subfield><subfield code='x'>Shared</subfield><subfield code='z'>CU</subfield><subfield code='l'>RECAP</subfield></datafield><datafield ind1=' ' ind2=' ' tag='876'><subfield code='0'>2398393</subfield><subfield code='3'>v.2</subfield><subfield code='a'>3632624</subfield><subfield code='h'> </subfield><subfield code='j'>Available</subfield><subfield code='p'>CU19151942</subfield><subfield code='t'>1</subfield><subfield code='x'>Shared</subfield><subfield code='z'>CU</subfield><subfield code='l'>RECAP</subfield></datafield><datafield ind1=' ' ind2=' ' tag='876'><subfield code='0'>2398393</subfield><subfield code='3'>v.3</subfield><subfield code='a'>3632625</subfield><subfield code='h'> </subfield><subfield code='j'>Available</subfield><subfield code='p'>CU19151950</subfield><subfield code='t'>1</subfield><subfield code='x'>Shared</subfield><subfield code='z'>CU</subfield><subfield code='l'>RECAP</subfield></datafield><datafield ind1=' ' ind2=' ' tag='876'><subfield code='0'>2398393</subfield><subfield code='3'>v.4</subfield><subfield code='a'>3632626</subfield><subfield code='h'> </subfield><subfield code='j'>Available</subfield><subfield code='p'>CU19151969</subfield><subfield code='t'>1</subfield><subfield code='x'>Shared</subfield><subfield code='z'>CU</subfield><subfield code='l'>RECAP</subfield></datafield></record>