
<record><leader>01238nam a2200337ua 4500</leader><controlfield tag='001'>SCSB-7189126</controlfield><controlfield tag='003'>OCoLC</controlfield><controlfield tag='005'>20020930080149.5</controlfield><controlfield tag='008'>020218s2001    it       b    000 p ita d</controlfield><controlfield tag='009'>.b154640633</controlfield><datafield ind1=' ' ind2=' ' tag='020'><subfield code='a'>8886474350</subfield></datafield><datafield ind1=' ' ind2=' ' tag='040'><subfield code='a'>C3L</subfield><subfield code='b'>ita</subfield><subfield code='c'>C3L</subfield><subfield code='d'>NYP</subfield><subfield code='d'>OCoLC</subfield></datafield><datafield ind1='0' ind2=' ' tag='041'><subfield code='a'>ita</subfield><subfield code='a'>ger</subfield></datafield><datafield ind1=' ' ind2=' ' tag='043'><subfield code='a'>e-gx---</subfield></datafield><datafield ind1=' ' ind2=' ' tag='045'><subfield code='a'>o0s9</subfield></datafield><datafield ind1=' ' ind2=' ' tag='049'><subfield code='a'>NYPG</subfield></datafield><datafield ind1='1' ind2='4' tag='082'><subfield code='a'>831</subfield></datafield><datafield ind1='0' ind2=' ' tag='100'><subfield code='a'>Thomasin,</subfield><subfield code='c'>von Zerclaere,</subfield><subfield code='d'>approximately 1186-approximately 1235.</subfield></datafield><datafield ind1='1' ind2='0' tag='245'><subfield code='a'>Der Welsche Gast :</subfield><subfield code='b'>secondo il Cod. Pal. Germ. 389, Heidelberg con le integrazioni di Heinrich Rückert e le varianti del Membr. I 120, Gotha : mit deutscher Einleitung /</subfield><subfield code='c'>Thomasin von Zerklaere ; a cura di Raffaele Disanto.</subfield></datafield><datafield ind1=' ' ind2=' ' tag='260'><subfield code='a'>Trieste :</subfield><subfield code='b'>Parnaso,</subfield><subfield code='c'>2001.</subfield></datafield><datafield ind1=' ' ind2=' ' tag='300'><subfield code='a'>334 p. ;</subfield><subfield code='c'>21 cm.</subfield></datafield><datafield ind1='0' ind2=' ' tag='490'><subfield code='a'>Quaderni di Hesperides. Serie Testi ;</subfield><subfield code='v'>v. 3</subfield></datafield><datafield ind1=' ' ind2=' ' tag='504'><subfield code='a'>Includes bibliographical references.</subfield></datafield><datafield ind1=' ' ind2=' ' tag='546'><subfield code='a'>Text in German; critical matter in italian.</subfield></datafield><datafield ind1='1' ind2=' ' tag='700'><subfield code='a'>Disanto, Raffaele.</subfield></datafield><datafield ind1='1' ind2=' ' tag='700'><subfield code='a'>Rückert, Heinrich,</subfield><subfield code='d'>1823-1875.</subfield></datafield><datafield ind1=' ' ind2=' ' tag='907'><subfield code='a'>.b154640633</subfield><subfield code='c'>m</subfield><subfield code='d'>a</subfield><subfield code='e'>-</subfield><subfield code='f'>ita</subfield><subfield code='g'>it</subfield><subfield code='h'>0</subfield><subfield code='i'>1</subfield></datafield><datafield ind1=' ' ind2=' ' tag='035'><subfield code='a'>(OCoLC)49036037</subfield></datafield><datafield ind1='8' ind2=' ' tag='852'><subfield code='h'>JFD 02-20434</subfield><subfield code='0'>7283983</subfield><subfield code='b'>scsbnypl</subfield></datafield><datafield ind1=' ' ind2=' ' tag='876'><subfield code='0'>7283983</subfield><subfield code='a'>11889936</subfield><subfield code='j'>Available</subfield><subfield code='p'>33433031021037</subfield><subfield code='t'>1</subfield><subfield code='x'>Shared</subfield><subfield code='z'>NA</subfield><subfield code='l'>RECAP</subfield></datafield></record>