
<record><leader>01479cam a2200385 i 4500</leader><controlfield tag='001'>SCSB-2144641</controlfield><controlfield tag='003'>NNC</controlfield><controlfield tag='005'>20220518181149.0</controlfield><controlfield tag='008'>790501s1977    gw       b    000 0 ger  </controlfield><controlfield tag='009'>1489</controlfield><datafield ind1=' ' ind2=' ' tag='010'><subfield code='a'>   77559207 </subfield></datafield><datafield ind1=' ' ind2=' ' tag='015'><subfield code='a'>GFR77-A</subfield></datafield><datafield ind1=' ' ind2=' ' tag='020'><subfield code='a'>3920153715</subfield></datafield><datafield ind1=' ' ind2=' ' tag='035'><subfield code='a'>(OCoLC)3496712</subfield></datafield><datafield ind1=' ' ind2=' ' tag='035'><subfield code='a'>(OCoLC)ocm03496712</subfield></datafield><datafield ind1=' ' ind2=' ' tag='035'><subfield code='a'>(CStRLIN)NYCG10558144-B</subfield></datafield><datafield ind1=' ' ind2=' ' tag='035'><subfield code='9'>AAA1548CU</subfield></datafield><datafield ind1=' ' ind2=' ' tag='035'><subfield code='a'>(NNC)1489</subfield></datafield><datafield ind1=' ' ind2=' ' tag='035'><subfield code='a'>1489</subfield></datafield><datafield ind1=' ' ind2=' ' tag='040'><subfield code='d'>NNC</subfield></datafield><datafield ind1='0' ind2='0' tag='050'><subfield code='a'>PT1658.T4</subfield><subfield code='b'>W339</subfield></datafield><datafield ind1=' ' ind2=' ' tag='090'><subfield code='a'>PT1658.T4</subfield><subfield code='b'>W339</subfield></datafield><datafield ind1='0' ind2='0' tag='245'><subfield code='a'>Zucht und schoene Sitte :</subfield><subfield code='b'>e. Tugendlehre d. Stauferzeit mit 36 Bildern (16 davon farb.) aus d. Heidelberger Hs. Cod. Pal. Germ. 389 &quot;Der Welsche Gast&quot; des Thomasîn von Zerclaere.</subfield></datafield><datafield ind1=' ' ind2=' ' tag='250'><subfield code='a'>1. Aufl.</subfield></datafield><datafield ind1=' ' ind2=' ' tag='260'><subfield code='a'>Wiesbaden :</subfield><subfield code='b'>Reichert,</subfield><subfield code='c'>1977.</subfield></datafield><datafield ind1=' ' ind2=' ' tag='300'><subfield code='a'>147 pages ;</subfield><subfield code='c'>19 cm</subfield></datafield><datafield ind1=' ' ind2=' ' tag='336'><subfield code='a'>text</subfield><subfield code='2'>rdacontent</subfield></datafield><datafield ind1=' ' ind2=' ' tag='337'><subfield code='a'>unmediated</subfield><subfield code='2'>rdamedia</subfield></datafield><datafield ind1=' ' ind2=' ' tag='338'><subfield code='a'>volume</subfield><subfield code='2'>rdacarrier</subfield></datafield><datafield ind1=' ' ind2=' ' tag='504'><subfield code='a'>Includes bibliographical references.</subfield></datafield><datafield ind1='0' ind2=' ' tag='505'><subfield code='a'>Neumann, F. Einführung in Thomasins Verswerk.--Vetter, E. 36 Bilder aus der Handschrift.</subfield></datafield><datafield ind1='0' ind2='0' tag='600'><subfield code='a'>Thomasin,</subfield><subfield code='c'>von Zerclaere,</subfield><subfield code='d'>approximately 1186-approximately 1235.</subfield><subfield code='t'>Wälsche Gast.</subfield><subfield code='0'>http://id.loc.gov/authorities/names/n83228271</subfield></datafield><datafield ind1='1' ind2='2' tag='700'><subfield code='a'>Neumann, Friedrich,</subfield><subfield code='d'>1889-1978.</subfield><subfield code='t'>Einführung in Thomasins Verswerk.</subfield><subfield code='f'>1977.</subfield></datafield><datafield ind1='1' ind2=' ' tag='700'><subfield code='a'>Vetter, Ewald M.</subfield><subfield code='t'>Sechsunddreissig Bilder aus der Handschrift.</subfield></datafield><datafield ind1='2' ind2=' ' tag='710'><subfield code='a'>Universitätsbibliothek Heidelberg.</subfield><subfield code='k'>Manuscript.</subfield><subfield code='n'>Pal. germ. 389.</subfield></datafield><datafield ind1='0' ind2='0' tag='852'><subfield code='h'>PT1658.T4 W339</subfield><subfield code='0'>2110916</subfield><subfield code='b'>scsbcul</subfield></datafield><datafield ind1=' ' ind2=' ' tag='876'><subfield code='0'>2110916</subfield><subfield code='a'>3271184</subfield><subfield code='h'> </subfield><subfield code='j'>Available</subfield><subfield code='p'>CU71637907</subfield><subfield code='t'>1</subfield><subfield code='x'>Shared</subfield><subfield code='z'>CU</subfield><subfield code='l'>RECAP</subfield></datafield></record>