
<record><leader>00536cam a2200181ua 4500</leader><controlfield tag='001'>SCSB-12524701</controlfield><controlfield tag='005'>20020606163548.3</controlfield><controlfield tag='008'>860122s1948    nz            000 0 eng d</controlfield><controlfield tag='009'>990068624520203941</controlfield><datafield ind1=' ' ind2=' ' tag='035'><subfield code='a'>(OCoLC)13046401</subfield></datafield><datafield ind1=' ' ind2=' ' tag='040'><subfield code='a'>EUE</subfield><subfield code='c'>EUE</subfield><subfield code='d'>OCL</subfield><subfield code='d'>HLS</subfield></datafield><datafield ind1=' ' ind2=' ' tag='043'><subfield code='a'>u-nz---</subfield></datafield><datafield ind1=' ' ind2='4' tag='050'><subfield code='a'>DU430.O8</subfield><subfield code='b'>W35</subfield></datafield><datafield ind1='1' ind2=' ' tag='100'><subfield code='a'>Waite, Fred,</subfield><subfield code='d'>1885-</subfield></datafield><datafield ind1='1' ind2='0' tag='245'><subfield code='a'>Pioneering in South Otago /</subfield><subfield code='c'>Fred Waite.</subfield></datafield><datafield ind1=' ' ind2=' ' tag='260'><subfield code='a'>Christchurch :</subfield><subfield code='b'>Whitcombe &amp; Tombs,</subfield><subfield code='c'>1948.</subfield></datafield><datafield ind1=' ' ind2=' ' tag='300'><subfield code='a'>199 p.</subfield></datafield><datafield ind1='0' ind2=' ' tag='490'><subfield code='a'>Otago centennial historical publications</subfield></datafield><datafield ind1='0' ind2=' ' tag='505'><subfield code='a'>Frontier -- Maori days : Successive Maori tribes -- Te Rapuwai at the River mouth -- Waitaha people -- Waitaha displaced by Kati-Mamoe -- Kai Tahu invaders -- Tribal fighting in South otago -- Evidence of early Maori occupation -- Moa used as food -- Old Maori ovens -- Maori tracks -- Maori at the mouth of the Mat-au -- Chief Tuhawaiki -- Moari population in South Otago -- Explorers &amp; whalers : Sealing &amp; whaling -- Sealer visits Molyneux in 1830 -- Whaling at Molyneauz &amp; Tautuku -- Some early records -- Shortland&apos;s visit -- Whalers at Tautuku -- Early land claims : Waikawa to Tautuku -- Claim at Catlins River -- Thomas Jones&apos;s claim at Molyneaux bay -- Hunt sells to Russell -- Willsher Bay -- Land at Bogeners Point -- Surveyors : Discovery of coal -- Great river -- Otago block is purchased -- Surveyors get to work -- Pioneer settlers : Arrival of Blundell -- Bernicia &amp; the Ajax -- First settlers -- Occupying the Waste Lands -- males &amp; females -- Isolation &amp; hard work --^</subfield></datafield><datafield ind1='0' ind2=' ' tag='505'><subfield code='a'>Women &amp; children -- Port at Molyneux -- Great open spaces -- Purchases of Otago, Southland &amp; canterbury -- early runholders : Surveying the hundreds -- Earliest application for runs -- Kaihiku &amp; Wairuna runs -- Fuller&apos;s hut at Popotunoa in 1854 -- Runs near the Clutha River -- Finegand, Merrie Creek &amp; Glenfalloch -- Otaraia half-way house -- Greenfield &amp; Clydevale -- George Hay, James Smith &amp; James Brugh -- Cairn taken up in 1859 -- Church, school &amp; doctor : Early churches -- Sporting doctor -- education in South Otago -- Developing the land : Cultivation &amp; stock -- Start of dairying -- Grain production becomes remunerative -- Grain growing &amp; ploughing -- match at Inchclutha -- Bullock team wins at Waiwera -- Cutting up of the runs -- Clutha Ferry : First settler on the flat -- Original crown grants -- Ferry at or near Iwikatea -- Township of Balclutha in 1863 -- Business men -- Kaitangata &amp; coal : Lovell : First resident -- Pioneering in South Otago -- Township commences to grow --^</subfield></datafield><datafield ind1='0' ind2=' ' tag='505'><subfield code='a'>First coal mine -- William Aitchison&apos;s mine -- Kaitangata railway &amp; coal company -- Disastrous explosion -- Early cricket match -- Flaxmilling industry -- Kaitangata as a port -- Township progresses -- Model mining town -- Early school -- New State School is opened -- Spirit of the school -- Presbyterian church -- Kaitangata rifles -- Crisis in Kaitangata affairs -- Future -- Coal mining of the present day -- Wangaloa District -- Clintin to Waipahi : Town of Clinton bill -- Presbyterian Manse -- Early shopkeepers -- First doctor -- Railway &amp; hotels -- School -- Town Board -- Sheep centre -- Rabbit plague -- Clinton rabbit factory -- Popotunoa chronicle -- Athenaeum Hall -- Clinton Jockey Club -- Popotunoa rifles -- Fish hatcheries -- wairuna district -- Church -- School -- Up the Kuriwao Gorge -- Waipahi District -- Opening of the school -- Church services -- Coming of the railway -- Owaka &amp; Catlins : Thomson &amp; Brugh&apos;s sawmill -- Catlins River sawmill company --^</subfield></datafield><datafield ind1='0' ind2=' ' tag='505'><subfield code='a'>First settlers arrive -- Big mill -- Captain hayward, Harbourmaster -- Wreck of the Surat -- Shipbuilding at Catlins River -- Up Owaka Valley -- Fishing industry -- Catlins river railway -- On to Tahakopa -- Owake becomes Owaka -- First township site -- Owaka of today -- Owaka rifles -- Bringing in the bush sections -- Bush settlements -- Birds &amp; the bush -- Clutha Valley : First gold discoveries -- Black Peter discovers a field -- Pioneer steams up the Clutha -- Declaration of a goldfield -- Youthful pioneer -- Pioneer farming at Tokomairiro -- Starting on the runs -- Start of Greenfield -- Wheat &amp; wool -- New homestead -- Horses &amp; chaff -- Work of a pioneer -- Greenfield Settlement -- Clydevale Estate -- names of the paddocks -- Township emerges -- Clydevale is cut up -- Rongahere -- Tuapeka Mouth -- Proposed railway -- District Bridge &amp; hugh school -- Balclutha : Becomes a borough -- County Council -- racing club -- Flood of 1878 -- Enterprising young man --^</subfield></datafield><datafield ind1='0' ind2=' ' tag='505'><subfield code='a'>Changes in the nineties -- Coming of prohibition -- Turn of the century -- Bands &amp; choirs -- Posta &amp; other services -- War &amp; sacrifice -- bas hospital -- Farms &amp; factories : Stages of land settlement -- large flocks now on the freeholds -- estates cut up for closer settlement -- Soldier settlements of the 1914-18 war -- Troubles of the sheep farmer -- South Otago Freezing Company -- Early butter makers -- Factory system is established -- Stirling dairy factory -- Growth of the creameries -- Kaitangata Co-Operative Dairy Company -- Paretai dairy factory -- Ratanui dairy factory -- Fairfield diary factory at Katea -- Butter factories -- Owaka dairy company -- Co-operative dairy company of Otago -- All co-operative factories today -- Development of industry -- Sawmilling industry -- Sawmilling family -- Mills at Tahakopa -- Mills operating today -- Brickmaking -- Chicory factory -- Early advertisements -- Newspapers, sports &amp; amenities : Early postmen -- Otago Witness -- Cluth aLeader --^</subfield></datafield><datafield ind1='0' ind2=' ' tag='505'><subfield code='a'>Papers of the past -- Choosing a precentor -- Animate &amp; inanimate music -- Concerts, glee clubs &amp; sixpenny readings -- Amateur actord -- Early cricket matches -- Early football -- Clutha horticulture society -- Social life -- Coming of the Pictures -- Arrival of sound films -- Education in South Otago : Great progress in 1865 -- Kaitangata school is established -- Native school at the Kororo Reserve -- Scholars at country schools -- Little old schoolhouses -- Schools that come &amp; go -- Motor transport &amp; better roads -- policy of consolidation -- Distric high schools -- South Otago high school -- Roads, railways &amp; steamers : Bullock sledges make a track -- Coaching days -- Through to Invercargill -- Bridges across the Clutha -- Railway from Dunedin -- Steamers of the Clutha -- Clutha River board -- Bitumen roads &amp; motors -- Inheritance.</subfield></datafield><datafield ind1='4' ind2=' ' tag='510'><subfield code='a'>Bagnall</subfield><subfield code='c'>W119</subfield></datafield><datafield ind1=' ' ind2='0' tag='651'><subfield code='a'>Otago, South (N.Z.)</subfield><subfield code='x'>History.</subfield></datafield><datafield ind1=' ' ind2='0' tag='651'><subfield code='a'>Clutha District (N.Z.)</subfield><subfield code='x'>History.</subfield></datafield><datafield ind1=' ' ind2='7' tag='655'><subfield code='a'>History</subfield><subfield code='2'>fast</subfield></datafield><datafield ind1='2' ind2=' ' tag='710'><subfield code='a'>Otago Centennial Historical Committee.</subfield></datafield><datafield ind1='0' ind2='8' tag='776'><subfield code='i'>Online version:</subfield><subfield code='a'>Waite, Fred, b. 1885.</subfield><subfield code='t'>Pioneering in South Otago.</subfield><subfield code='d'>Christchurch : Whitcombe &amp; Tombs, 1948</subfield><subfield code='w'>(OCoLC)609058992</subfield></datafield><datafield ind1='1' ind2=' ' tag='583'><subfield code='a'>committed to retain</subfield><subfield code='c'>20181001</subfield><subfield code='d'>in perpetuity</subfield><subfield code='f'>ReCAP Shared Collection</subfield><subfield code='5'>HUL</subfield><subfield code='8'>222008638880003941</subfield></datafield><datafield ind1='7' ind2=' ' tag='852'><subfield code='2'>ZHCL</subfield><subfield code='c'>HD</subfield><subfield code='h'>Oc 4496.35</subfield><subfield code='0'>13365118</subfield><subfield code='b'>scsbhl</subfield></datafield><datafield ind1=' ' ind2=' ' tag='876'><subfield code='0'>13365118</subfield><subfield code='a'>19178097</subfield><subfield code='h'> </subfield><subfield code='j'>Available</subfield><subfield code='k'>WID</subfield><subfield code='p'>HNNSTL</subfield><subfield code='x'>Shared</subfield><subfield code='z'>HW</subfield><subfield code='l'>HD</subfield></datafield></record>