
<record><leader>00871nam a2200253M  4500</leader><controlfield tag='001'>SCSB-7993148</controlfield><controlfield tag='003'>OCoLC</controlfield><controlfield tag='005'>20000629190125.0</controlfield><controlfield tag='008'>810624q19191929nyu           000 0 eng  </controlfield><controlfield tag='009'>.b131570493</controlfield><datafield ind1=' ' ind2=' ' tag='010'><subfield code='a'>34000682</subfield></datafield><datafield ind1=' ' ind2=' ' tag='040'><subfield code='a'>DLC</subfield><subfield code='c'>HUH</subfield><subfield code='d'>NYP</subfield><subfield code='d'>WaOLN</subfield></datafield><datafield ind1=' ' ind2=' ' tag='049'><subfield code='a'>NYPG</subfield></datafield><datafield ind1='0' ind2='0' tag='050'><subfield code='a'>PR6007.U6</subfield><subfield code='b'>B6</subfield></datafield><datafield ind1='1' ind2=' ' tag='100'><subfield code='a'>Dunsany,</subfield><subfield code='c'>Lord,</subfield><subfield code='d'>1878-1957.</subfield></datafield><datafield ind1='1' ind2='4' tag='245'><subfield code='a'>The book of wonder;</subfield><subfield code='b'>a chronicle of little adventures at the edge of the world.</subfield></datafield><datafield ind1=' ' ind2=' ' tag='260'><subfield code='a'>London,</subfield><subfield code='b'>E. Mathews,</subfield><subfield code='c'>1919.</subfield></datafield><datafield ind1=' ' ind2=' ' tag='300'><subfield code='a'>107 p.</subfield></datafield><datafield ind1=' ' ind2='0' tag='650'><subfield code='a'>Irish fiction.</subfield></datafield><datafield ind1='1' ind2=' ' tag='700'><subfield code='a'>Sime, Sidney Herbert,</subfield><subfield code='d'>1867-1941.</subfield><subfield code='4'>ill</subfield></datafield><datafield ind1=' ' ind2=' ' tag='907'><subfield code='a'>.b131570493</subfield><subfield code='c'>m</subfield><subfield code='d'>a</subfield><subfield code='e'>-</subfield><subfield code='f'>eng</subfield><subfield code='g'>nyu</subfield><subfield code='h'>4</subfield><subfield code='i'>1</subfield></datafield><datafield ind1=' ' ind2=' ' tag='035'><subfield code='a'>(OCoLC)29268346</subfield></datafield><datafield ind1='8' ind2=' ' tag='852'><subfield code='h'>NCW (Dunsany, E. J. M. D. P. Book of wonder. 1919)</subfield><subfield code='0'>8136143</subfield><subfield code='b'>scsbnypl</subfield></datafield><datafield ind1=' ' ind2=' ' tag='876'><subfield code='0'>8136143</subfield><subfield code='a'>13379443</subfield><subfield code='h'>In Library Use</subfield><subfield code='j'>Available</subfield><subfield code='p'>33433112071828</subfield><subfield code='t'>1</subfield><subfield code='x'>Shared</subfield><subfield code='z'>NA</subfield><subfield code='l'>RECAP</subfield></datafield></record>