
<record><leader>02082nam a2200241I  4500</leader><controlfield tag='001'>SCSB-9946568</controlfield><controlfield tag='005'>20020606095253.2</controlfield><controlfield tag='008'>851113n        au f          000 0 eng d</controlfield><controlfield tag='009'>990052485210203941</controlfield><datafield ind1=' ' ind2=' ' tag='035'><subfield code='a'>(MH)005248521HVD01-Aleph</subfield></datafield><datafield ind1=' ' ind2=' ' tag='035'><subfield code='a'>(OCoLC)12791256</subfield></datafield><datafield ind1=' ' ind2=' ' tag='040'><subfield code='a'>RCE</subfield><subfield code='c'>RCE</subfield><subfield code='d'>HFL</subfield></datafield><datafield ind1='1' ind2=' ' tag='110'><subfield code='a'>Jaffé, Max, Firm, Publishers, Vienna.</subfield></datafield><datafield ind1='1' ind2='2' tag='245'><subfield code='a'>A series of 12 color collotype reproductions of Russian ikons.</subfield></datafield><datafield ind1='3' ind2=' ' tag='246'><subfield code='a'>Russian ikons.</subfield></datafield><datafield ind1=' ' ind2=' ' tag='260'><subfield code='a'>[Vienna,</subfield><subfield code='b'>Max Jaffé,</subfield><subfield code='c'>n. d.]</subfield></datafield><datafield ind1=' ' ind2=' ' tag='300'><subfield code='a'>v.</subfield><subfield code='b'>col. plates.</subfield><subfield code='c'>26 x 33 cm.</subfield></datafield><datafield ind1=' ' ind2=' ' tag='500'><subfield code='a'>&quot;Printed in Austria.&quot;</subfield></datafield><datafield ind1=' ' ind2=' ' tag='500'><subfield code='a'>Each print is mounted on cardboard and has title and brief description of origin on back of mat.</subfield></datafield><datafield ind1=' ' ind2=' ' tag='500'><subfield code='a'>(Cont.) [no.7] The Old Testament Trinity. 15th Century. From the Trinity Cathedral of the Troitse-Sergieva Lavra.--[no.8] The Raising of Lazarus. Novgorod School, 15th Century. Museum at Novgorod.--[no.9] The Descent into Hell. Northern School. 15th to 16th Century. From a Church at Kholenovo. Museum at Vologda.--[no.10] The Raising of Lazarus. 15th Century. From the Cathedral at Tver.--[no.11] The Last Judgment. Painted for the Stroganov Family. 16th to 17th Century. Historical Museum, Moscow.--[no.12] Scenes from the Life of St. George. St. George before the Emperor. St. George Raising a Dead Man. Novgorod School, 16th century. Russian Museum at Leningrad.</subfield></datafield><datafield ind1='0' ind2=' ' tag='505'><subfield code='a'>[no.1] Saint Nicholas, Bishop of Myra. Novgorod School, 12th Century. From the Monastery of the Holy Ghost, Novgorod. Museum of Russian Art. Novgorod.--[no.2] Presentation of Miracle. From the Church of St. John Chrysostumus, Yaroslaw. 15th Century. Museum at Yaroslaw.--[no.3] The Crucifixion. 15th Century. From the Obnorski Monastery. Museum at Vologda.--[no.4] Transfiguration of Christ. 15th Century. From the Upponskij Church at Psow. Museum at Pskow.--[no.5] Saint Leontius of Rostow. 16th Century. From the Sacristy of the Troitse-Sergieva Lavra Museum at Sergiev.--[no.6] The Nativity. Moscow School. 15th Century. Tretyakov Gallery, Moskow.</subfield></datafield><datafield ind1=' ' ind2='0' tag='650'><subfield code='a'>Icons</subfield></datafield><datafield ind1='1' ind2=' ' tag='583'><subfield code='a'>committed to retain</subfield><subfield code='c'>20181001</subfield><subfield code='d'>in perpetuity</subfield><subfield code='f'>ReCAP Shared Collection</subfield><subfield code='5'>HUL</subfield><subfield code='8'>221943577460003941</subfield></datafield><datafield ind1='8' ind2=' ' tag='852'><subfield code='c'>HD</subfield><subfield code='h'>4168 J23</subfield><subfield code='m'>Folio</subfield><subfield code='0'>10687143</subfield><subfield code='b'>scsbhl</subfield></datafield><datafield ind1=' ' ind2=' ' tag='876'><subfield code='0'>10687143</subfield><subfield code='a'>16377236</subfield><subfield code='h'> </subfield><subfield code='j'>Available</subfield><subfield code='k'>FAL</subfield><subfield code='p'>32044108395948</subfield><subfield code='x'>Shared</subfield><subfield code='z'>FL</subfield><subfield code='l'>HD</subfield></datafield></record>