
<record><leader>00470nam a2200169I  4500</leader><controlfield tag='001'>SCSB-12402380</controlfield><controlfield tag='005'>20020606163548.3</controlfield><controlfield tag='008'>800919s1907    gw            000 0 ger d</controlfield><controlfield tag='009'>990064876860203941</controlfield><datafield ind1=' ' ind2=' ' tag='035'><subfield code='a'>(OCoLC)6730742</subfield></datafield><datafield ind1=' ' ind2=' ' tag='040'><subfield code='a'>CLE</subfield><subfield code='c'>CLE</subfield><subfield code='d'>HLS</subfield></datafield><datafield ind1=' ' ind2='4' tag='050'><subfield code='a'>DG864</subfield><subfield code='b'>.R9 1907</subfield></datafield><datafield ind1='1' ind2=' ' tag='100'><subfield code='a'>Rumpelt, Alexander,</subfield><subfield code='d'>1864-</subfield></datafield><datafield ind1='0' ind2='0' tag='245'><subfield code='a'>Sicilien und die Sicilianer.</subfield><subfield code='b'>Neue folge.</subfield></datafield><datafield ind1=' ' ind2=' ' tag='260'><subfield code='a'>Radeberg,</subfield><subfield code='b'>T. Pfeil,</subfield><subfield code='c'>1907.</subfield></datafield><datafield ind1=' ' ind2=' ' tag='300'><subfield code='a'>[6], 339 p.</subfield></datafield><datafield ind1=' ' ind2='0' tag='650'><subfield code='a'>Folklore</subfield><subfield code='z'>Italy</subfield><subfield code='z'>Sicily</subfield></datafield><datafield ind1=' ' ind2='0' tag='650'><subfield code='a'>Mafia</subfield></datafield><datafield ind1=' ' ind2='0' tag='651'><subfield code='a'>Sicily (Italy)</subfield><subfield code='x'>Description and travel</subfield></datafield><datafield ind1='0' ind2='8' tag='776'><subfield code='i'>Online version:</subfield><subfield code='a'>Rumpelt, Alexander, 1864-</subfield><subfield code='t'>Sicilien und die Sicilianer.</subfield><subfield code='d'>Radeberg, T. Pfeil, 1907</subfield><subfield code='w'>(OCoLC)657176706</subfield></datafield><datafield ind1='1' ind2=' ' tag='583'><subfield code='a'>committed to retain</subfield><subfield code='c'>20181001</subfield><subfield code='d'>in perpetuity</subfield><subfield code='f'>ReCAP Shared Collection</subfield><subfield code='5'>HUL</subfield><subfield code='8'>221991941380003941</subfield></datafield><datafield ind1='1' ind2=' ' tag='583'><subfield code='a'>committed to retain</subfield><subfield code='c'>20170930</subfield><subfield code='d'>20421231</subfield><subfield code='f'>HathiTrust</subfield><subfield code='5'>HUL</subfield><subfield code='8'>221991941380003941</subfield></datafield><datafield ind1='7' ind2=' ' tag='852'><subfield code='2'>ZHCL</subfield><subfield code='c'>HD</subfield><subfield code='h'>Ital 5036.5.5</subfield><subfield code='0'>13239215</subfield><subfield code='b'>scsbhl</subfield></datafield><datafield ind1=' ' ind2=' ' tag='876'><subfield code='0'>13239215</subfield><subfield code='a'>19047247</subfield><subfield code='h'> </subfield><subfield code='j'>Available</subfield><subfield code='k'>WID</subfield><subfield code='p'>HNJRJ3</subfield><subfield code='x'>Shared</subfield><subfield code='z'>HW</subfield><subfield code='l'>HD</subfield></datafield></record>