
<record><leader>00000cam a2200349Ia 4500</leader><controlfield tag='001'>SCSB-12853744</controlfield><controlfield tag='005'>20090618163318.0</controlfield><controlfield tag='008'>080623s2008    it a     b    000 0 ita d</controlfield><controlfield tag='009'>990115954430203941</controlfield><datafield ind1=' ' ind2=' ' tag='020'><subfield code='a'>8851715742</subfield></datafield><datafield ind1=' ' ind2=' ' tag='020'><subfield code='a'>9788851715748</subfield></datafield><datafield ind1=' ' ind2=' ' tag='035'><subfield code='a'>(OCoLC)232569735</subfield></datafield><datafield ind1=' ' ind2=' ' tag='040'><subfield code='a'>C3L</subfield><subfield code='c'>C3L</subfield><subfield code='d'>TEF</subfield></datafield><datafield ind1=' ' ind2=' ' tag='043'><subfield code='a'>e-it---</subfield></datafield><datafield ind1=' ' ind2='4' tag='050'><subfield code='a'>GR177.S5</subfield><subfield code='b'>A45 2008</subfield></datafield><datafield ind1='1' ind2='4' tag='082'><subfield code='a'>398</subfield><subfield code='2'>21</subfield></datafield><datafield ind1=' ' ind2=' ' tag='090'><subfield code='a'>GR177.S5</subfield><subfield code='b'>A45 2008</subfield></datafield><datafield ind1='1' ind2=' ' tag='100'><subfield code='a'>Alligo, Elisabetta.</subfield></datafield><datafield ind1='1' ind2='0' tag='245'><subfield code='a'>Antiche credenze popolari siciliane :</subfield><subfield code='b'>[Taormina e la sua terra raccontano] /</subfield><subfield code='c'>Elisabetta Alligo.</subfield></datafield><datafield ind1=' ' ind2=' ' tag='260'><subfield code='a'>Scandicci (Firenze) :</subfield><subfield code='b'>L&apos;autore libri Firenze,</subfield><subfield code='c'>[2008]</subfield></datafield><datafield ind1=' ' ind2=' ' tag='300'><subfield code='a'>127 p. :</subfield><subfield code='b'>ill. ;</subfield><subfield code='c'>20 cm.</subfield></datafield><datafield ind1='1' ind2=' ' tag='490'><subfield code='a'>Biblioteca &apos;80. Saggi</subfield></datafield><datafield ind1=' ' ind2=' ' tag='504'><subfield code='a'>Includes bibliographical references (p. 126).</subfield></datafield><datafield ind1=' ' ind2='0' tag='650'><subfield code='a'>Folklore</subfield><subfield code='z'>Italy</subfield><subfield code='z'>Sicily</subfield></datafield><datafield ind1=' ' ind2='0' tag='650'><subfield code='a'>Animals, Mythical</subfield><subfield code='z'>Italy</subfield><subfield code='z'>Sicily.</subfield></datafield><datafield ind1=' ' ind2='0' tag='650'><subfield code='a'>Magic</subfield><subfield code='z'>Italy</subfield><subfield code='z'>Sicily.</subfield></datafield><datafield ind1=' ' ind2='0' tag='650'><subfield code='a'>Superstition</subfield><subfield code='z'>Italy</subfield><subfield code='z'>Sicily.</subfield></datafield><datafield ind1=' ' ind2='0' tag='651'><subfield code='a'>Sicily (Italy)</subfield><subfield code='x'>Social life and customs</subfield></datafield><datafield ind1=' ' ind2='0' tag='830'><subfield code='a'>Biblioteca &apos;80.</subfield><subfield code='p'>Saggi.</subfield></datafield><datafield ind1='1' ind2=' ' tag='583'><subfield code='a'>committed to retain</subfield><subfield code='c'>20181001</subfield><subfield code='d'>in perpetuity</subfield><subfield code='f'>ReCAP Shared Collection</subfield><subfield code='5'>HUL</subfield><subfield code='8'>222130895210003941</subfield></datafield><datafield ind1='0' ind2=' ' tag='852'><subfield code='c'>HD</subfield><subfield code='h'>GR177.S5</subfield><subfield code='i'>A45 2008</subfield><subfield code='0'>13703853</subfield><subfield code='b'>scsbhl</subfield></datafield><datafield ind1=' ' ind2=' ' tag='876'><subfield code='0'>13703853</subfield><subfield code='a'>19531035</subfield><subfield code='h'> </subfield><subfield code='j'>Available</subfield><subfield code='k'>WID</subfield><subfield code='p'>32044111512141</subfield><subfield code='x'>Shared</subfield><subfield code='z'>HW</subfield><subfield code='l'>HD</subfield></datafield></record>