
<record><leader>01635cam a2200421Mi 4500</leader><controlfield tag='001'>SCSB-12847471</controlfield><controlfield tag='005'>20240125213018.0</controlfield><controlfield tag='008'>100517s2008    it            000 0 ita d</controlfield><controlfield tag='009'>990133798110203941</controlfield><datafield ind1=' ' ind2=' ' tag='035'><subfield code='a'>(OCoLC)620103486</subfield></datafield><datafield ind1=' ' ind2=' ' tag='040'><subfield code='a'>C3L</subfield><subfield code='b'>eng</subfield><subfield code='c'>C3L</subfield><subfield code='d'>HLS</subfield><subfield code='d'>OCLCO</subfield><subfield code='d'>OCLCF</subfield><subfield code='d'>CHVBK</subfield><subfield code='d'>OCLCO</subfield><subfield code='d'>OCLCQ</subfield><subfield code='d'>OCLCO</subfield><subfield code='d'>HUL</subfield><subfield code='d'>OCLCO</subfield><subfield code='d'>HUL</subfield></datafield><datafield ind1=' ' ind2=' ' tag='043'><subfield code='a'>e-it---</subfield></datafield><datafield ind1='0' ind2='4' tag='082'><subfield code='a'>398</subfield><subfield code='2'>21</subfield></datafield><datafield ind1='0' ind2='0' tag='245'><subfield code='a'>Fiabe e leggende popolari siciliane /</subfield><subfield code='c'>[raccolte ed illustrate da] Giuseppe Pitrè ; a cura di Francesco Cannatella.</subfield></datafield><datafield ind1=' ' ind2=' ' tag='260'><subfield code='a'>Palermo :</subfield><subfield code='b'>Centro internazionale di etnostoria,</subfield><subfield code='c'>2008.</subfield></datafield><datafield ind1=' ' ind2=' ' tag='300'><subfield code='a'>546 pages ;</subfield><subfield code='c'>24 cm.</subfield></datafield><datafield ind1=' ' ind2=' ' tag='336'><subfield code='a'>text</subfield><subfield code='b'>txt</subfield><subfield code='2'>rdacontent</subfield></datafield><datafield ind1=' ' ind2=' ' tag='337'><subfield code='a'>unmediated</subfield><subfield code='b'>n</subfield><subfield code='2'>rdamedia</subfield></datafield><datafield ind1=' ' ind2=' ' tag='338'><subfield code='a'>volume</subfield><subfield code='b'>nc</subfield><subfield code='2'>rdacarrier</subfield></datafield><datafield ind1='1' ind2=' ' tag='490'><subfield code='a'>Edizione nazionale delle opere di GiuseppePitrè ;</subfield><subfield code='v'>18</subfield></datafield><datafield ind1=' ' ind2=' ' tag='500'><subfield code='a'>Folktales in the dialect of Sicily, some of which with Italian version, collected by G. Pitrè (1841-1916).</subfield></datafield><datafield ind1=' ' ind2=' ' tag='500'><subfield code='a'>Half title: Ministero per i beni e le attività culturali ...</subfield></datafield><datafield ind1=' ' ind2=' ' tag='500'><subfield code='a'>Includes introductory text by the editor (p. 9-59) and notes.</subfield></datafield><datafield ind1=' ' ind2='0' tag='650'><subfield code='a'>Tales</subfield><subfield code='z'>Italy</subfield><subfield code='z'>Sicily.</subfield></datafield><datafield ind1=' ' ind2='0' tag='650'><subfield code='a'>Folklore</subfield><subfield code='z'>Italy</subfield><subfield code='z'>Sicily</subfield></datafield><datafield ind1=' ' ind2='0' tag='650'><subfield code='a'>Sicilian language</subfield><subfield code='v'>Texts.</subfield></datafield><datafield ind1=' ' ind2='7' tag='650'><subfield code='a'>Folklore</subfield><subfield code='2'>fast</subfield></datafield><datafield ind1=' ' ind2='7' tag='650'><subfield code='a'>Italian language</subfield><subfield code='x'>Dialects</subfield><subfield code='2'>fast</subfield></datafield><datafield ind1=' ' ind2='7' tag='650'><subfield code='a'>Tales</subfield><subfield code='2'>fast</subfield></datafield><datafield ind1=' ' ind2='7' tag='650'><subfield code='a'>Fabel.</subfield><subfield code='2'>idszbz</subfield></datafield><datafield ind1=' ' ind2='7' tag='650'><subfield code='a'>Legende.</subfield><subfield code='2'>idszbz</subfield></datafield><datafield ind1=' ' ind2='7' tag='651'><subfield code='a'>Italy</subfield><subfield code='z'>Sicily</subfield><subfield code='2'>fast</subfield></datafield><datafield ind1=' ' ind2='7' tag='651'><subfield code='a'>Sizilien.</subfield><subfield code='2'>idszbz</subfield></datafield><datafield ind1=' ' ind2='7' tag='655'><subfield code='a'>Texts</subfield><subfield code='2'>fast</subfield></datafield><datafield ind1='1' ind2=' ' tag='700'><subfield code='a'>Pitrè, Giuseppe.</subfield></datafield><datafield ind1=' ' ind2='0' tag='830'><subfield code='a'>Edizione nazionale delle opere di GiuseppePitrè ;</subfield><subfield code='v'>18.</subfield></datafield><datafield ind1='1' ind2=' ' tag='583'><subfield code='a'>committed to retain</subfield><subfield code='c'>20181001</subfield><subfield code='d'>in perpetuity</subfield><subfield code='f'>ReCAP Shared Collection</subfield><subfield code='5'>HUL</subfield><subfield code='8'>222151081750003941</subfield></datafield><datafield ind1='0' ind2=' ' tag='852'><subfield code='c'>HD</subfield><subfield code='0'>13697407</subfield><subfield code='b'>scsbhl</subfield></datafield><datafield ind1=' ' ind2=' ' tag='876'><subfield code='0'>13697407</subfield><subfield code='a'>19524332</subfield><subfield code='h'> </subfield><subfield code='j'>Available</subfield><subfield code='k'>WID</subfield><subfield code='p'>32044127515468</subfield><subfield code='x'>Shared</subfield><subfield code='z'>HW</subfield><subfield code='l'>HD</subfield></datafield></record>