
<record><leader>00689nam a2200205u  4500</leader><controlfield tag='001'>SCSB-11222686</controlfield><controlfield tag='005'>20070723144633.0</controlfield><controlfield tag='008'>860203s1901    gw            000 0 ger d</controlfield><controlfield tag='009'>990066740980203941</controlfield><datafield ind1=' ' ind2=' ' tag='035'><subfield code='a'>(OCoLC)245532938</subfield><subfield code='z'>(OCoLC)13098558</subfield><subfield code='z'>(OCoLC)1270679579</subfield><subfield code='z'>(OCoLC)1271004650</subfield></datafield><datafield ind1=' ' ind2=' ' tag='040'><subfield code='a'>FDA</subfield><subfield code='c'>FDA</subfield><subfield code='d'>HLS</subfield></datafield><datafield ind1=' ' ind2=' ' tag='043'><subfield code='a'>a-tu---</subfield></datafield><datafield ind1=' ' ind2='4' tag='050'><subfield code='a'>DR571</subfield><subfield code='b'>.S75 1901</subfield></datafield><datafield ind1=' ' ind2=' ' tag='090'><subfield code='a'>DR571</subfield><subfield code='b'>.S75 1901</subfield></datafield><datafield ind1='1' ind2=' ' tag='100'><subfield code='a'>Stern, Bernhard,</subfield><subfield code='d'>1867-1927</subfield></datafield><datafield ind1='1' ind2='0' tag='245'><subfield code='a'>Jungtürken und Verschwörer; die innere Lage der Turkei unter Abdul Hamid II.</subfield><subfield code='b'>Nach eigenen Ermittelungen und Mittheilungen osmanischer Parteiführer.</subfield></datafield><datafield ind1=' ' ind2=' ' tag='260'><subfield code='a'>Leipzig,</subfield><subfield code='b'>von Grübel &amp; Sommerlatte,</subfield><subfield code='c'>1901.</subfield></datafield><datafield ind1=' ' ind2=' ' tag='300'><subfield code='a'>263 p.</subfield></datafield><datafield ind1=' ' ind2='0' tag='651'><subfield code='a'>Turkey</subfield><subfield code='x'>History</subfield><subfield code='y'>1878-1909</subfield></datafield><datafield ind1=' ' ind2='7' tag='648'><subfield code='a'>1878-1909</subfield><subfield code='2'>fast</subfield></datafield><datafield ind1=' ' ind2='0' tag='650'><subfield code='a'>Young-Turkish Party.</subfield></datafield><datafield ind1='2' ind2='7' tag='610'><subfield code='a'>Ittihat ve Terakki Cemiyeti</subfield><subfield code='2'>nli</subfield></datafield><datafield ind1='0' ind2='8' tag='776'><subfield code='i'>Online version:</subfield><subfield code='a'>Stern, Bernhard, 1867-1927.</subfield><subfield code='t'>Jungtürken und Verschwörer.</subfield><subfield code='b'>2. Aufl.</subfield><subfield code='d'>Leipzig : Grübel &amp; Sommerlatte, 1901</subfield><subfield code='w'>(OCoLC)903627296</subfield></datafield><datafield ind1='1' ind2=' ' tag='583'><subfield code='a'>committed to retain</subfield><subfield code='c'>20181001</subfield><subfield code='d'>in perpetuity</subfield><subfield code='f'>ReCAP Shared Collection</subfield><subfield code='5'>HUL</subfield><subfield code='8'>221989996180003941</subfield></datafield><datafield ind1='1' ind2=' ' tag='583'><subfield code='a'>committed to retain</subfield><subfield code='c'>20170930</subfield><subfield code='d'>20421231</subfield><subfield code='f'>HathiTrust</subfield><subfield code='5'>HUL</subfield><subfield code='8'>221989996180003941</subfield></datafield><datafield ind1='7' ind2=' ' tag='852'><subfield code='2'>ZHCL</subfield><subfield code='c'>HD</subfield><subfield code='h'>Ott 541.12.2</subfield><subfield code='0'>12025208</subfield><subfield code='b'>scsbhl</subfield></datafield><datafield ind1=' ' ind2=' ' tag='876'><subfield code='0'>12025208</subfield><subfield code='a'>17786392</subfield><subfield code='h'> </subfield><subfield code='j'>Available</subfield><subfield code='k'>WID</subfield><subfield code='p'>32044091725184</subfield><subfield code='x'>Shared</subfield><subfield code='z'>HW</subfield><subfield code='l'>HD</subfield></datafield></record>