
<record><leader>00994nam a2200229M  4500</leader><controlfield tag='001'>SCSB-11898721</controlfield><controlfield tag='005'>20020606095253.2</controlfield><controlfield tag='008'>890904s1898    sz            000 0 fre d</controlfield><controlfield tag='009'>990044525130203941</controlfield><datafield ind1=' ' ind2=' ' tag='035'><subfield code='a'>(OCoLC)23425062</subfield></datafield><datafield ind1=' ' ind2=' ' tag='040'><subfield code='a'>EYM</subfield><subfield code='c'>EYM</subfield><subfield code='d'>m.c.</subfield><subfield code='d'>HLS</subfield></datafield><datafield ind1=' ' ind2='4' tag='050'><subfield code='a'>DR 568.8</subfield><subfield code='b'>.M6 C7</subfield></datafield><datafield ind1='1' ind2=' ' tag='110'><subfield code='a'>Comité ottoman d&apos;union et de progrès.</subfield></datafield><datafield ind1='1' ind2='3' tag='245'><subfield code='a'>Un horrible assessinat commis sur l&apos;ordre spécial du sultan Abdul-Hamid II;</subfield><subfield code='b'>assassinat de Midhat Pacha, d&apos;aprés les documents officiels de La jeune turquie, publió par le Comité ottoman d&apos;union et de progrès.</subfield></datafield><datafield ind1=' ' ind2=' ' tag='260'><subfield code='a'>Genève,</subfield><subfield code='b'>Imprimerie Rey &amp; Malavallon,</subfield><subfield code='c'>1898.</subfield></datafield><datafield ind1=' ' ind2=' ' tag='300'><subfield code='a'>45, [2] p. incl. front., port.</subfield><subfield code='c'>19 1/2cm.</subfield></datafield><datafield ind1=' ' ind2=' ' tag='500'><subfield code='a'>&quot;L&apos;assassinat de Midhat-pacha; teḿoignage d&apos;un témoin oculaire (traduction textuelle)&quot;: p. [13]-43.</subfield></datafield><datafield ind1='0' ind2='0' tag='600'><subfield code='a'>Midhat Paşa,</subfield><subfield code='d'>1822-1884.</subfield></datafield><datafield ind1='0' ind2='0' tag='600'><subfield code='a'>Abdülhamid</subfield><subfield code='b'>II,</subfield><subfield code='c'>Sultan of the Turks,</subfield><subfield code='d'>1842-1918</subfield></datafield><datafield ind1='0' ind2='8' tag='776'><subfield code='i'>Online version:</subfield><subfield code='a'>Comité ottoman d&apos;union et de progrès.</subfield><subfield code='t'>Horrible assessinat commis sur l&apos;ordre spécial du sultan Abdul-Hamid II.</subfield><subfield code='d'>Genève, Imprimerie Rey &amp; Malavallon, 1898</subfield><subfield code='w'>(OCoLC)993673509</subfield></datafield><datafield ind1='1' ind2=' ' tag='583'><subfield code='a'>committed to retain</subfield><subfield code='c'>20181001</subfield><subfield code='d'>in perpetuity</subfield><subfield code='f'>ReCAP Shared Collection</subfield><subfield code='5'>HUL</subfield><subfield code='8'>221920805870003941</subfield></datafield><datafield ind1='1' ind2=' ' tag='583'><subfield code='a'>committed to retain</subfield><subfield code='c'>20170930</subfield><subfield code='d'>20421231</subfield><subfield code='f'>HathiTrust</subfield><subfield code='5'>HUL</subfield><subfield code='8'>221920805870003941</subfield></datafield><datafield ind1='7' ind2=' ' tag='852'><subfield code='2'>ZHCL</subfield><subfield code='c'>HD</subfield><subfield code='h'>Ott 536.20</subfield><subfield code='0'>12721028</subfield><subfield code='b'>scsbhl</subfield></datafield><datafield ind1=' ' ind2=' ' tag='876'><subfield code='0'>12721028</subfield><subfield code='a'>18508785</subfield><subfield code='h'> </subfield><subfield code='j'>Available</subfield><subfield code='k'>WID</subfield><subfield code='p'>HNE4FN</subfield><subfield code='x'>Shared</subfield><subfield code='z'>HW</subfield><subfield code='l'>HD</subfield></datafield></record>