
<record><leader>00000cam a2200337Ia 4500</leader><controlfield tag='001'>SCSB-12491371</controlfield><controlfield tag='005'>20070911085252.0</controlfield><controlfield tag='008'>050207s2004    enka     b    001 0 eng d</controlfield><controlfield tag='009'>990095158730203941</controlfield><datafield ind1=' ' ind2=' ' tag='020'><subfield code='a'>1850657521</subfield></datafield><datafield ind1=' ' ind2=' ' tag='020'><subfield code='a'>9781850657521</subfield></datafield><datafield ind1=' ' ind2=' ' tag='035'><subfield code='a'>(OCoLC)57582331</subfield><subfield code='z'>(OCoLC)1170747050</subfield></datafield><datafield ind1=' ' ind2=' ' tag='040'><subfield code='a'>VA@</subfield><subfield code='c'>VA@</subfield><subfield code='d'>OCLCQ</subfield><subfield code='d'>OCL</subfield><subfield code='d'>NLGGC</subfield><subfield code='d'>YDXCP</subfield></datafield><datafield ind1=' ' ind2=' ' tag='043'><subfield code='a'>a-tu---</subfield></datafield><datafield ind1=' ' ind2='4' tag='050'><subfield code='a'>DR486</subfield><subfield code='b'>.L36 2004</subfield></datafield><datafield ind1=' ' ind2=' ' tag='084'><subfield code='a'>15.75</subfield><subfield code='2'>bcl</subfield></datafield><datafield ind1=' ' ind2=' ' tag='090'><subfield code='a'>DR486</subfield><subfield code='b'>.L36 2004</subfield></datafield><datafield ind1='1' ind2=' ' tag='100'><subfield code='a'>Landau, Jacob M.</subfield></datafield><datafield ind1='1' ind2='0' tag='245'><subfield code='a'>Exploring Ottoman and Turkish history /</subfield><subfield code='c'>Jacob M. Landau.</subfield></datafield><datafield ind1=' ' ind2=' ' tag='260'><subfield code='a'>London :</subfield><subfield code='b'>Hurst &amp; Co.,</subfield><subfield code='c'>c2004.</subfield></datafield><datafield ind1=' ' ind2=' ' tag='300'><subfield code='a'>viii, 434 p. :</subfield><subfield code='b'>ill. ;</subfield><subfield code='c'>22 cm.</subfield></datafield><datafield ind1=' ' ind2=' ' tag='504'><subfield code='a'>Includes bibliographical references (p. 388-420) and index.</subfield></datafield><datafield ind1='1' ind2=' ' tag='520'><subfield code='a'>&quot;This volume brings together much important scholarship by one of the world&apos;s foremost authorities on the Turkic-speaking world. It reflects J.M. Landau&apos;s interest in such subjects as nationalism and pan-nationalism (in this context chiefly pan-Turkism); political radicalism (the trio of extreme left, chauvinist right and militant Islamism), ethnic and religious minorities (mainly Jews, Arabs and Greeks); the impact of language rivalries on inter-community relations; and accounts of Eastern and Western travellers in the Ottoman Empire (largely from unpublished manuscripts in different languages). The chapters together offer a panorama of certain areas in the Ottoman Empire and the Republic of Turkey, seen in a somewhat different perspective from the usual ones of the historian and the political scientist.&quot;--Jacket.</subfield></datafield><datafield ind1='0' ind2='0' tag='505'><subfield code='g'>Pt. I.</subfield><subfield code='t'>Ideologies --</subfield><subfield code='g'>Pt. II.</subfield><subfield code='t'>Late Ottoman history --</subfield><subfield code='g'>Pt. III.</subfield><subfield code='t'>Institutions and parties in the Republic of Turkey --</subfield><subfield code='g'>Pt. IV.</subfield><subfield code='t'>Biographical essays --</subfield><subfield code='g'>Pt. V.</subfield><subfield code='t'>Travels --</subfield><subfield code='g'>Pt. VI.</subfield><subfield code='t'>Culture and education --</subfield><subfield code='g'>Pt. VII.</subfield><subfield code='t'>Language and politics --</subfield><subfield code='g'>Pt. VIII.</subfield><subfield code='t'>Jewish community --</subfield><subfield code='g'>Pt. IX.</subfield><subfield code='t'>Reviews --</subfield><subfield code='t'>Bibliography of J. M. Landau&apos;s printed works.</subfield></datafield><datafield ind1=' ' ind2='0' tag='651'><subfield code='a'>Turkey</subfield><subfield code='x'>History</subfield></datafield><datafield ind1=' ' ind2='0' tag='651'><subfield code='a'>Turkey</subfield><subfield code='x'>History</subfield><subfield code='y'>Ottoman Empire, 1288-1918</subfield></datafield><datafield ind1=' ' ind2='0' tag='651'><subfield code='a'>Turkey</subfield><subfield code='x'>Politics and government</subfield><subfield code='y'>1909-</subfield></datafield><datafield ind1=' ' ind2='0' tag='651'><subfield code='a'>Turkey</subfield><subfield code='x'>Civilization</subfield><subfield code='y'>1288-1918</subfield></datafield><datafield ind1=' ' ind2='7' tag='655'><subfield code='a'>History</subfield><subfield code='2'>fast</subfield></datafield><datafield ind1=' ' ind2='7' tag='648'><subfield code='a'>Since 1288</subfield><subfield code='2'>fast</subfield></datafield><datafield ind1=' ' ind2='7' tag='648'><subfield code='a'>1800-2000.</subfield><subfield code='0'>(NL-LeOCL)241924170</subfield><subfield code='2'>gtt</subfield></datafield><datafield ind1='1' ind2=' ' tag='583'><subfield code='a'>committed to retain</subfield><subfield code='c'>20181001</subfield><subfield code='d'>in perpetuity</subfield><subfield code='f'>ReCAP Shared Collection</subfield><subfield code='5'>HUL</subfield><subfield code='8'>222093907390003941</subfield></datafield><datafield ind1=' ' ind2=' ' tag='901'><subfield code='a'>e8e9d5fa-c48e-4a56-bfb8-4984b15db084</subfield><subfield code='b'>25</subfield><subfield code='c'>false</subfield></datafield><datafield ind1='0' ind2=' ' tag='852'><subfield code='c'>HD</subfield><subfield code='h'>DR486</subfield><subfield code='i'>.L36 2004</subfield><subfield code='0'>13330808</subfield><subfield code='b'>scsbhl</subfield></datafield><datafield ind1=' ' ind2=' ' tag='876'><subfield code='0'>13330808</subfield><subfield code='a'>19142499</subfield><subfield code='h'> </subfield><subfield code='j'>Available</subfield><subfield code='k'>WID</subfield><subfield code='p'>32044090497728</subfield><subfield code='x'>Shared</subfield><subfield code='z'>HW</subfield><subfield code='l'>HD</subfield></datafield></record>