
<record><leader>00000cam a2200565 i 4500</leader><controlfield tag='001'>SCSB-15124647</controlfield><controlfield tag='003'>OCoLC</controlfield><controlfield tag='005'>20250721033317.0</controlfield><controlfield tag='008'>240202s2023    cl ac    bc   000 0 spa dcam i </controlfield><controlfield tag='009'>.b234015482</controlfield><datafield ind1='1' ind2=' ' tag='700'><subfield code='a'>Vicuña, Cecilia.</subfield><subfield code='1'>https://id.oclc.org/worldcat/entity/E39PBJgRTmW6BR6cRTjh7cKw4q</subfield></datafield><datafield ind1='1' ind2=' ' tag='700'><subfield code='a'>López, Miguel A.,</subfield><subfield code='d'>1983-</subfield><subfield code='e'>organizer,</subfield><subfield code='e'>writer of added commentary.</subfield><subfield code='1'>https://id.oclc.org/worldcat/entity/E39PBJjxyDKBvMbGjRJDyKj9jC</subfield></datafield><datafield ind1='2' ind2=' ' tag='710'><subfield code='a'>Museo Nacional de Bellas Artes (Chile),</subfield><subfield code='e'>host institution,</subfield><subfield code='e'>issuing body.</subfield></datafield><datafield ind1='1' ind2='0' tag='600'><subfield code='a'>Vicuña, Cecilia</subfield><subfield code='v'>Exhibitions.</subfield></datafield><datafield ind1=' ' ind2='0' tag='650'><subfield code='a'>Conceptual art</subfield><subfield code='z'>Chile</subfield><subfield code='v'>Exhibitions.</subfield></datafield><datafield ind1=' ' ind2='0' tag='650'><subfield code='a'>Art, Chilean</subfield><subfield code='y'>21st century</subfield><subfield code='v'>Exhibitions.</subfield></datafield><datafield ind1=' ' ind2='7' tag='655'><subfield code='a'>Exhibition catalogs.</subfield><subfield code='2'>lcgft</subfield></datafield><datafield ind1='1' ind2='7' tag='600'><subfield code='a'>Vicuña, Cecilia.</subfield><subfield code='2'>fast</subfield><subfield code='0'>(OCoLC)fst00163557</subfield></datafield><datafield ind1=' ' ind2='7' tag='648'><subfield code='a'>2000-2099</subfield><subfield code='2'>fast</subfield></datafield><datafield ind1=' ' ind2='7' tag='650'><subfield code='a'>Art, Chilean.</subfield><subfield code='2'>fast</subfield><subfield code='0'>(OCoLC)fst00816101</subfield></datafield><datafield ind1=' ' ind2='7' tag='650'><subfield code='a'>Conceptual art.</subfield><subfield code='2'>fast</subfield><subfield code='0'>(OCoLC)fst00872980</subfield></datafield><datafield ind1=' ' ind2='7' tag='651'><subfield code='a'>Chile.</subfield><subfield code='2'>fast</subfield><subfield code='0'>(OCoLC)fst01205362</subfield></datafield><datafield ind1=' ' ind2='7' tag='655'><subfield code='a'>Exhibition catalogs.</subfield><subfield code='2'>fast</subfield><subfield code='0'>(OCoLC)fst01424028</subfield></datafield><datafield ind1=' ' ind2=' ' tag='500'><subfield code='a'>Este catálogo fue impreso con motivo de la exposición cecilia vicuña, Soñar el agua. Una retrospectiva del futuro (1964-). Presentada en el Museo Nacional de Bellas Artes de Santiago de Chile, desde el 11 de mayo hasta el 3 de septiembre de 2023.</subfield></datafield><datafield ind1=' ' ind2=' ' tag='504'><subfield code='a'>Includes bibliographical references.</subfield></datafield><datafield ind1='0' ind2=' ' tag='505'><subfield code='a'>La fibra que nos conecta / Jaime de Aguirre Hoffa -- Presentación / Varinia Brodsky Zimmermann -- Contra el miedo de ser luz. Carta a Cecilia Vicuña / Miguel A. López -- Organizar la ensoñación / Cecilia Vicuña -- La poesía de Cecilia Vicuña desafía el monolingüismo autoritario / Alejandro Zambra -- Reticular / Joseefina Hepp, Cecilia Vicuña.</subfield></datafield><datafield ind1=' ' ind2=' ' tag='520'><subfield code='a'>Retrospective of Chilean poet, visual artist and feminist activist Cecilia Vicuña in a Chilean museum since 1971. Born in 1948 and based in New York, United States, since 1980, the artist created the concept of &quot;Precarious Art&quot; in the mid-1960s, to name what disappears. Her work is considered an early vision of ecofeminism and decolonization. The traveling exhibition includes around 200 works of paintings, drawings, screenprints, collages, textiles, videos, photographs, installations, poetry, artist books, and performances, belonging to public and private collections, in addition to the large format installation called &quot;Quipu menstrual (la sangre de los glaciares)&quot; (Menstrual quipu (the blood of glaciers)). Miguel A. López&apos;s curatorship highlights Andean memory in her artistic production, as well as the impact of civil-military regimes and the catastrophic effects of neoliberalism on the social, natural and cultural landscape. Her pieces are part of prestigious collections, including the Museum of Modern Art (MoMA) in New York. Curated by Miguel A. López, the book not only delves into Vicuña&apos;s art, but also includes essays by prominent scholars and a conversation between Vicuña, Marisol de la Cadena, and Camila Marambio. Published on the occasion of the exhibition &quot;Cecilia Vicuña: Dreaming Water&quot; held at Malba - in collaboration with the National Museum of Fine Arts in Santiago de Chile and the Pinacoteca de São Paulo- this is the most comprehensive monographic book dedicated to Cecilia Vicuña&apos;s work to date. It features a main text by curator and editor Miguel A. López in epistolary format - a letter addressed to the artist - as well as new essays by Elizabeth A. Povinelli, Catherine de Zegher, and José de Nordenflycht. It includes two texts by Vicuña on her drawings from the &quot;Palabrarmas&quot; project and the activism of the group Artists for Democracy, as well as a conversation between Vicuña, Marisol de la Cadena, and Camila Marambio.</subfield></datafield><datafield ind1=' ' ind2='1' tag='264'><subfield code='a'>Santiago de Chile :</subfield><subfield code='b'>Museo de Bellas Artes,</subfield><subfield code='c'>[2023]</subfield></datafield><datafield ind1=' ' ind2=' ' tag='300'><subfield code='a'>100 pages :</subfield><subfield code='b'>illustrations (chiefly color), portraits ;</subfield><subfield code='c'>23 cm.</subfield></datafield><datafield ind1=' ' ind2=' ' tag='336'><subfield code='a'>text</subfield><subfield code='b'>txt</subfield><subfield code='2'>rdacontent</subfield></datafield><datafield ind1=' ' ind2=' ' tag='336'><subfield code='a'>still image</subfield><subfield code='b'>sti</subfield><subfield code='2'>rdacontent</subfield></datafield><datafield ind1=' ' ind2=' ' tag='337'><subfield code='a'>unmediated</subfield><subfield code='b'>n</subfield><subfield code='2'>rdamedia</subfield></datafield><datafield ind1=' ' ind2=' ' tag='338'><subfield code='a'>volume</subfield><subfield code='b'>nc</subfield><subfield code='2'>rdacarrier</subfield></datafield><datafield ind1='0' ind2=' ' tag='490'><subfield code='a'>MNBA ;</subfield><subfield code='v'>29</subfield></datafield><datafield ind1='0' ind2=' ' tag='130'><subfield code='a'>Cecilia Vicuña (Museo de Bellas Artes)</subfield></datafield><datafield ind1='1' ind2='0' tag='245'><subfield code='a'>Cecilia Vicuña :</subfield><subfield code='b'>soñar el agua : una retrospectiva del futuro (1964-) /</subfield><subfield code='c'>curatoría, Miguel A. López.</subfield></datafield><datafield ind1='3' ind2=' ' tag='246'><subfield code='a'>Soñar el agua :</subfield><subfield code='b'>una retrospectiva del futuro (1964-)</subfield></datafield><datafield ind1=' ' ind2=' ' tag='040'><subfield code='a'>H7K</subfield><subfield code='b'>eng</subfield><subfield code='e'>rda</subfield><subfield code='c'>H7K</subfield><subfield code='d'>OCLCO</subfield><subfield code='d'>JPG</subfield><subfield code='d'>OCLCO</subfield><subfield code='d'>IQU</subfield><subfield code='d'>HUL</subfield><subfield code='d'>OCLCO</subfield><subfield code='d'>NYP</subfield></datafield><datafield ind1=' ' ind2=' ' tag='043'><subfield code='a'>s-cl---</subfield></datafield><datafield ind1=' ' ind2=' ' tag='049'><subfield code='a'>NYPP</subfield></datafield><datafield ind1=' ' ind2='4' tag='050'><subfield code='a'>N6669.V477</subfield><subfield code='b'>A4 2023</subfield></datafield><datafield ind1=' ' ind2=' ' tag='901'><subfield code='a'>MARS</subfield></datafield><datafield ind1=' ' ind2='4' tag='908'><subfield code='a'>N6669.V477</subfield><subfield code='b'>A4 2023</subfield></datafield><datafield ind1=' ' ind2=' ' tag='901'><subfield code='a'>dl</subfield><subfield code='b'>CATRL</subfield></datafield><datafield ind1=' ' ind2=' ' tag='910'><subfield code='a'>RL</subfield></datafield><datafield ind1='0' ind2='0' tag='907'><subfield code='a'>.b234015482</subfield></datafield><datafield ind1=' ' ind2=' ' tag='035'><subfield code='a'>(OCoLC)1446528006</subfield></datafield><datafield ind1='8' ind2=' ' tag='852'><subfield code='h'>ReCAP 25-16491</subfield><subfield code='0'>16208433</subfield><subfield code='b'>scsbnypl</subfield></datafield><datafield ind1=' ' ind2=' ' tag='876'><subfield code='0'>16208433</subfield><subfield code='a'>22922965</subfield><subfield code='h'>In Library Use</subfield><subfield code='j'>Available</subfield><subfield code='p'>33433139818441</subfield><subfield code='t'>1</subfield><subfield code='x'>Shared</subfield><subfield code='z'>NA</subfield><subfield code='l'>RECAP</subfield></datafield></record>