
<record><leader>01048cam a2200313 i 4500</leader><controlfield tag='001'>SCSB-10756921</controlfield><controlfield tag='005'>20230221213022.0</controlfield><controlfield tag='008'>920519s1984    ag            000 0 spa  </controlfield><controlfield tag='009'>990002771090203941</controlfield><datafield ind1=' ' ind2=' ' tag='010'><subfield code='a'>   92162012 </subfield></datafield><datafield ind1=' ' ind2=' ' tag='020'><subfield code='a'>9504301029</subfield></datafield><datafield ind1=' ' ind2=' ' tag='020'><subfield code='a'>9789504301028</subfield></datafield><datafield ind1=' ' ind2=' ' tag='035'><subfield code='a'>(OCoLC)26014793</subfield><subfield code='z'>(OCoLC)11414191</subfield></datafield><datafield ind1=' ' ind2=' ' tag='040'><subfield code='a'>DLC</subfield><subfield code='b'>eng</subfield><subfield code='e'>rda</subfield><subfield code='c'>DLC</subfield><subfield code='d'>OCLCO</subfield><subfield code='d'>OCLCQ</subfield><subfield code='d'>OCLCO</subfield><subfield code='d'>NGU</subfield><subfield code='d'>FNE</subfield><subfield code='d'>AZU</subfield><subfield code='d'>DIBAM</subfield></datafield><datafield ind1=' ' ind2='4' tag='050'><subfield code='a'>PQ8098.32.I35</subfield><subfield code='b'>P3 1984</subfield></datafield><datafield ind1='1' ind2=' ' tag='100'><subfield code='a'>Vicuña, Cecilia</subfield><subfield code='e'>author.</subfield></datafield><datafield ind1='1' ind2='0' tag='245'><subfield code='a'>Palabrar mas /</subfield><subfield code='c'>Cecilia Vicuña.</subfield></datafield><datafield ind1=' ' ind2='1' tag='264'><subfield code='a'>Capital Federal, República Argentina :</subfield><subfield code='b'>El Imaginero,</subfield><subfield code='c'>[1984]</subfield></datafield><datafield ind1=' ' ind2=' ' tag='300'><subfield code='a'>89 pages ;</subfield><subfield code='c'>20 cm.</subfield></datafield><datafield ind1=' ' ind2=' ' tag='336'><subfield code='a'>text</subfield><subfield code='b'>txt</subfield><subfield code='2'>rdacontent</subfield></datafield><datafield ind1=' ' ind2=' ' tag='337'><subfield code='a'>unmediated</subfield><subfield code='b'>n</subfield><subfield code='2'>rdamedia</subfield></datafield><datafield ind1=' ' ind2=' ' tag='338'><subfield code='a'>volume</subfield><subfield code='b'>nc</subfield><subfield code='2'>rdacarrier</subfield></datafield><datafield ind1='1' ind2=' ' tag='490'><subfield code='a'>El Imaginero ;</subfield><subfield code='v'>9</subfield></datafield><datafield ind1=' ' ind2='0' tag='650'><subfield code='a'>Chilean poetry</subfield><subfield code='y'>20th century</subfield></datafield><datafield ind1=' ' ind2='7' tag='650'><subfield code='a'>POESIAS CHILENAS.</subfield><subfield code='2'>renib</subfield></datafield><datafield ind1=' ' ind2='0' tag='830'><subfield code='a'>Imaginero (Series)</subfield><subfield code='v'>9.</subfield></datafield><datafield ind1='1' ind2=' ' tag='583'><subfield code='a'>committed to retain</subfield><subfield code='c'>20181001</subfield><subfield code='d'>in perpetuity</subfield><subfield code='f'>ReCAP Shared Collection</subfield><subfield code='5'>HUL</subfield><subfield code='8'>221753929980003941</subfield></datafield><datafield ind1='0' ind2=' ' tag='852'><subfield code='c'>HD</subfield><subfield code='h'>PQ8098.32.I35</subfield><subfield code='i'>P3 1984</subfield><subfield code='0'>11545675</subfield><subfield code='b'>scsbhl</subfield></datafield><datafield ind1=' ' ind2=' ' tag='876'><subfield code='0'>11545675</subfield><subfield code='a'>17288412</subfield><subfield code='h'> </subfield><subfield code='j'>Available</subfield><subfield code='k'>WID</subfield><subfield code='p'>HW3VMX</subfield><subfield code='x'>Shared</subfield><subfield code='z'>HW</subfield><subfield code='l'>HD</subfield></datafield></record>