
<record><leader>01172nam a2200313 a 4500</leader><controlfield tag='001'>SCSB-12231895</controlfield><controlfield tag='005'>20020606090541.3</controlfield><controlfield tag='008'>881012s1986    enk           00010 eng d</controlfield><controlfield tag='009'>990015829190203941</controlfield><datafield ind1=' ' ind2=' ' tag='010'><subfield code='a'>gb^88058395^</subfield></datafield><datafield ind1=' ' ind2=' ' tag='015'><subfield code='a'>GB88-58395</subfield></datafield><datafield ind1=' ' ind2=' ' tag='020'><subfield code='a'>0728705230 (pbk) :</subfield><subfield code='c'>No price</subfield></datafield><datafield ind1=' ' ind2=' ' tag='035'><subfield code='a'>(OCoLC)877187608</subfield><subfield code='z'>(OCoLC)18738953</subfield></datafield><datafield ind1=' ' ind2=' ' tag='040'><subfield code='a'>UKM</subfield><subfield code='c'>UKM</subfield><subfield code='d'>HLS</subfield></datafield><datafield ind1='1' ind2='4' tag='050'><subfield code='a'>TR183</subfield><subfield code='b'>.T6</subfield></datafield><datafield ind1='0' ind2='4' tag='082'><subfield code='a'>306/.47</subfield><subfield code='2'>19</subfield></datafield><datafield ind1=' ' ind2=' ' tag='090'><subfield code='a'>x</subfield></datafield><datafield ind1='1' ind2=' ' tag='100'><subfield code='a'>Coker, Similola.</subfield></datafield><datafield ind1='1' ind2='0' tag='245'><subfield code='a'>African Caribbean &amp; South Asian photography project :</subfield><subfield code='b'>a report for the development of photography in Britain, commissioned by the Arts Council and the Minorities Arts Advisory Service /</subfield><subfield code='c'>by Similola Coker and Devdan Sen.</subfield></datafield><datafield ind1=' ' ind2=' ' tag='260'><subfield code='a'>London :</subfield><subfield code='b'>Arts Council of Great Britain,</subfield><subfield code='c'>1986.</subfield></datafield><datafield ind1=' ' ind2=' ' tag='300'><subfield code='a'>37 p. ;</subfield><subfield code='c'>30 cm.</subfield></datafield><datafield ind1=' ' ind2='0' tag='650'><subfield code='a'>Photography</subfield><subfield code='x'>Social aspects</subfield><subfield code='z'>Great Britain.</subfield></datafield><datafield ind1=' ' ind2='0' tag='650'><subfield code='a'>Minorities in art</subfield><subfield code='x'>Social aspects.</subfield></datafield><datafield ind1=' ' ind2='0' tag='650'><subfield code='a'>Minorities</subfield><subfield code='x'>Social aspects</subfield><subfield code='z'>Great Britain.</subfield></datafield><datafield ind1=' ' ind2=' ' tag='653'><subfield code='a'>Great Britain</subfield><subfield code='a'>Photography</subfield><subfield code='a'>Participation of black persons</subfield><subfield code='a'>Sociocultural aspects</subfield></datafield><datafield ind1='1' ind2=' ' tag='700'><subfield code='a'>Sen, Devdan.</subfield></datafield><datafield ind1='2' ind2=' ' tag='710'><subfield code='a'>Arts Council of Great Britain</subfield></datafield><datafield ind1='2' ind2=' ' tag='710'><subfield code='a'>Minorities&apos; Arts Advisory Service.</subfield></datafield><datafield ind1='1' ind2=' ' tag='583'><subfield code='a'>committed to retain</subfield><subfield code='c'>20181001</subfield><subfield code='d'>in perpetuity</subfield><subfield code='f'>ReCAP Shared Collection</subfield><subfield code='5'>HUL</subfield><subfield code='8'>221810714960003941</subfield></datafield><datafield ind1='0' ind2=' ' tag='852'><subfield code='c'>HD</subfield><subfield code='h'>x</subfield><subfield code='0'>13064005</subfield><subfield code='b'>scsbhl</subfield></datafield><datafield ind1=' ' ind2=' ' tag='876'><subfield code='0'>13064005</subfield><subfield code='a'>18864826</subfield><subfield code='h'> </subfield><subfield code='j'>Available</subfield><subfield code='k'>WID</subfield><subfield code='p'>HW8479</subfield><subfield code='x'>Shared</subfield><subfield code='z'>HW</subfield><subfield code='l'>HD</subfield></datafield></record>