
<record><leader>01626cam a2200397 a 4500</leader><controlfield tag='001'>SCSB-2501557</controlfield><controlfield tag='003'>NNC</controlfield><controlfield tag='005'>20220519025706.0</controlfield><controlfield tag='008'>860612m19841985nyua     b    100 0 eng d</controlfield><controlfield tag='009'>482575</controlfield><datafield ind1=' ' ind2=' ' tag='020'><subfield code='a'>0876412223 (v.2)</subfield></datafield><datafield ind1=' ' ind2=' ' tag='020'><subfield code='a'>0876412215 (v.1)</subfield></datafield><datafield ind1=' ' ind2=' ' tag='035'><subfield code='a'>(OCoLC)506224501</subfield></datafield><datafield ind1=' ' ind2=' ' tag='035'><subfield code='a'>(OCoLC)ocn506224501</subfield></datafield><datafield ind1=' ' ind2=' ' tag='035'><subfield code='a'>(CStRLIN)NYCG86-B60238</subfield></datafield><datafield ind1=' ' ind2=' ' tag='035'><subfield code='9'>ACC3318CU</subfield></datafield><datafield ind1=' ' ind2=' ' tag='035'><subfield code='a'>(NNC)482575</subfield></datafield><datafield ind1=' ' ind2=' ' tag='035'><subfield code='a'>482575</subfield></datafield><datafield ind1=' ' ind2=' ' tag='040'><subfield code='a'>CU</subfield><subfield code='c'>CU</subfield><subfield code='d'>NNC</subfield></datafield><datafield ind1=' ' ind2=' ' tag='043'><subfield code='a'>cc-----</subfield><subfield code='a'>a------</subfield></datafield><datafield ind1=' ' ind2=' ' tag='090'><subfield code='a'>HC151</subfield><subfield code='b'>.A82</subfield></datafield><datafield ind1='0' ind2='4' tag='245'><subfield code='a'>The Asian development model and the Caribbean Basin initiative, Rossly, Virginia, 25-29 September 1984 /</subfield><subfield code='c'>edited by John Tessitore and Susan Woolfson, with the assistance of Constance Carpenter.</subfield></datafield><datafield ind1=' ' ind2=' ' tag='260'><subfield code='a'>[New York] :</subfield><subfield code='b'>Council on Religion and International Affairs,</subfield><subfield code='c'>1984-©1985.</subfield></datafield><datafield ind1=' ' ind2=' ' tag='300'><subfield code='a'>2 volumes :</subfield><subfield code='b'>illustrations ;</subfield><subfield code='c'>28 cm</subfield></datafield><datafield ind1=' ' ind2=' ' tag='336'><subfield code='a'>text</subfield><subfield code='2'>rdacontent</subfield></datafield><datafield ind1=' ' ind2=' ' tag='337'><subfield code='a'>unmediated</subfield><subfield code='2'>rdamedia</subfield></datafield><datafield ind1=' ' ind2=' ' tag='338'><subfield code='a'>volume</subfield><subfield code='2'>rdacarrier</subfield></datafield><datafield ind1=' ' ind2=' ' tag='504'><subfield code='a'>Includes bibliographical references.</subfield></datafield><datafield ind1='0' ind2=' ' tag='505'><subfield code='a'>v. 1 Workshop summary -- v. 2. [Papers]</subfield></datafield><datafield ind1=' ' ind2='0' tag='651'><subfield code='a'>Caribbean Area</subfield><subfield code='x'>Economic policy</subfield><subfield code='v'>Congresses.</subfield></datafield><datafield ind1=' ' ind2='0' tag='651'><subfield code='a'>Asia</subfield><subfield code='x'>Economic policy</subfield><subfield code='v'>Congresses.</subfield><subfield code='0'>http://id.loc.gov/authorities/subjects/sh2008114273</subfield></datafield><datafield ind1=' ' ind2='0' tag='650'><subfield code='a'>Economic assistance, American</subfield><subfield code='z'>Caribbean Area</subfield><subfield code='v'>Congresses.</subfield></datafield><datafield ind1='1' ind2=' ' tag='700'><subfield code='a'>Tessitore, John.</subfield><subfield code='0'>http://id.loc.gov/authorities/names/n85202460</subfield></datafield><datafield ind1='1' ind2=' ' tag='700'><subfield code='a'>Woolfson, Susan.</subfield><subfield code='0'>http://id.loc.gov/authorities/names/n85202461</subfield></datafield><datafield ind1='1' ind2=' ' tag='700'><subfield code='a'>Carpenter, Constance.</subfield></datafield><datafield ind1='2' ind2=' ' tag='710'><subfield code='a'>Council on Religion and International Affairs.</subfield><subfield code='0'>http://id.loc.gov/authorities/names/n79096842</subfield></datafield><datafield ind1='0' ind2='1' tag='852'><subfield code='h'>HC151 .A82</subfield><subfield code='0'>2476786</subfield><subfield code='b'>scsbcul</subfield></datafield><datafield ind1='0' ind2='0' tag='866'><subfield code='a'>2v. 1984-1985</subfield><subfield code='0'>2476786</subfield></datafield><datafield ind1=' ' ind2=' ' tag='876'><subfield code='0'>2476786</subfield><subfield code='3'>v. 1</subfield><subfield code='a'>3848353</subfield><subfield code='h'> </subfield><subfield code='j'>Available</subfield><subfield code='p'>CU17770670</subfield><subfield code='t'>1</subfield><subfield code='x'>Shared</subfield><subfield code='z'>CU</subfield><subfield code='l'>RECAP</subfield></datafield><datafield ind1=' ' ind2=' ' tag='876'><subfield code='0'>2476786</subfield><subfield code='3'>v. 2</subfield><subfield code='a'>3848354</subfield><subfield code='h'> </subfield><subfield code='j'>Available</subfield><subfield code='p'>CU17770688</subfield><subfield code='t'>1</subfield><subfield code='x'>Shared</subfield><subfield code='z'>CU</subfield><subfield code='l'>RECAP</subfield></datafield></record>