
<record><leader>00000cam a22003614a 4500</leader><controlfield tag='001'>SCSB-11550854</controlfield><controlfield tag='005'>20080404114332.0</controlfield><controlfield tag='008'>071219s2008    ncu      b    001 0 eng  </controlfield><controlfield tag='009'>990114006690203941</controlfield><datafield ind1=' ' ind2=' ' tag='010'><subfield code='a'>^^2007051508</subfield></datafield><datafield ind1=' ' ind2=' ' tag='020'><subfield code='a'>9780786433353 (softcover : alk. paper)</subfield></datafield><datafield ind1=' ' ind2=' ' tag='020'><subfield code='a'>0786433353 (softcover : alk. paper)</subfield></datafield><datafield ind1=' ' ind2=' ' tag='035'><subfield code='a'>(OCoLC)173241114</subfield><subfield code='z'>(OCoLC)1022712246</subfield></datafield><datafield ind1=' ' ind2=' ' tag='040'><subfield code='a'>DLC</subfield><subfield code='c'>DLC</subfield><subfield code='d'>YDXCP</subfield><subfield code='d'>BAKER</subfield><subfield code='d'>BTCTA</subfield><subfield code='d'>C#P</subfield><subfield code='d'>IXA</subfield></datafield><datafield ind1='0' ind2='0' tag='050'><subfield code='a'>PR9410.5</subfield><subfield code='b'>.A85 2008</subfield></datafield><datafield ind1='0' ind2='0' tag='082'><subfield code='a'>809/.91</subfield><subfield code='2'>22</subfield></datafield><datafield ind1='0' ind2='0' tag='245'><subfield code='a'>Asian Gothic :</subfield><subfield code='b'>essays on literature, film and anime /</subfield><subfield code='c'>edited by Andrew Hock Soon Ng.</subfield></datafield><datafield ind1=' ' ind2=' ' tag='260'><subfield code='a'>Jefferson, N.C. :</subfield><subfield code='b'>McFarland &amp; Company,</subfield><subfield code='c'>c2008.</subfield></datafield><datafield ind1=' ' ind2=' ' tag='300'><subfield code='a'>viii, 244 p. ;</subfield><subfield code='c'>23 cm.</subfield></datafield><datafield ind1=' ' ind2=' ' tag='520'><subfield code='a'>&quot;Broadly divided into essays on postcolonial Asian Gothic, Asian-American Gothic, and Gothic writings of specific Asian nations. The essays of Part One demonstrate flexibility in adopting divergent. Part Two evokes Gothic as theoretical framework from which to interrogate writings of Asian-American authors. Part Three studies Gothic tradition in national literatures of China, Japan, Korea, and Turkey&quot;--Provided by publisher.</subfield></datafield><datafield ind1=' ' ind2=' ' tag='504'><subfield code='a'>Includes bibliographical references and index.</subfield></datafield><datafield ind1='0' ind2='0' tag='505'><subfield code='t'>Introduction: The Gothic visage of Asian narratives /</subfield><subfield code='r'>Andrew Hock Soon Ng --</subfield><subfield code='t'>Postcolonial Asian Gothic literature.</subfield><subfield code='t'>Naipaul, &quot;Muslims&quot; and the living dead /</subfield><subfield code='r'>Wendy O&apos;Shea-Meddour --</subfield><subfield code='t'>&quot;Where meaning collapses&quot; : Tunka Halim&apos;s Dark Demon Rising as global Gothic /</subfield><subfield code='r'>Glennis Byron --</subfield><subfield code='t'>Ghosts of a demolished cityscape : Gothic experiments in Singaporean fiction /</subfield><subfield code='r'>Tamara S. Wagner --</subfield><subfield code='t'>Seeing through the evil eye : Meiling Jin&apos;s Caribbean counter Gothic in Gifts from My Grandfather /</subfield><subfield code='r'>Paula K. Sato --</subfield><subfield code='t'>Encrypted ancestries : Kazuo Ishigoro&apos;s The Remains of the Day and its uncanny inheritances /</subfield><subfield code='r'>Hilary Thompson --</subfield><subfield code='t'>Asian American Gothic literature.</subfield><subfield code='t'>Sky Lee&apos;s Disappearing Moon Cafe : a testimony of incorporation /</subfield><subfield code='r'>Nieves Pascual Soler --</subfield><subfield code='t'>Ghostly rhetoric of autobiography : Maxine Hong Kingston&apos;s The Woman Warrior as American Gothic narrative /</subfield><subfield code='r'>Carol Mejia-LaPerle --</subfield><subfield code='t'>Asian American hyphen goes Gothic : ghosts and doubles in Maxine Hong Kingston and lê thi diem thúy /</subfield><subfield code='r'>Belinda Kong --</subfield><subfield code='t'>Gothic aesthetics of entanglement and endangerment in David Henry Hwang&apos;s The Sound of a Voice and The House of Sleeping Beauties /</subfield><subfield code='r'>Kimberly Jew --</subfield><subfield code='t'>Gothic tradition in Chinese, Japanese, Korean and Turkish literature.</subfield><subfield code='t'>Reading Shi Zhecun&apos;s &quot;Yaksha&quot; against the Shanghai modern /</subfield><subfield code='r'>Hongbing Zhang --</subfield><subfield code='t'>&quot;Disappearing with the Double&quot; : Xu Xi&apos;s The Stone Window /</subfield><subfield code='r'>Amy Lai --</subfield><subfield code='t'>Asian cell and horror /</subfield><subfield code='r'>Shen-mei Ma --</subfield><subfield code='t'>Western Eastern : decoding hybridity and cyberzen Gothic in Vampire Hunter D (1985) /</subfield><subfield code='r'>Wayne Stein, John Edgar Browning --</subfield><subfield code='t'>Grotesque and Gothic comedy in Turkish shadow plays /</subfield><subfield code='r'>Ayse Didem Uslu.</subfield></datafield><datafield ind1=' ' ind2='0' tag='650'><subfield code='a'>Gothic literature</subfield><subfield code='x'>Asian authors.</subfield></datafield><datafield ind1=' ' ind2='0' tag='650'><subfield code='a'>Oriental literature (English)</subfield><subfield code='y'>20th century</subfield><subfield code='x'>History and criticism.</subfield></datafield><datafield ind1=' ' ind2='0' tag='650'><subfield code='a'>Oriental literature</subfield><subfield code='y'>20th century</subfield><subfield code='x'>History and criticism.</subfield></datafield><datafield ind1=' ' ind2='0' tag='650'><subfield code='a'>American literature</subfield><subfield code='x'>Asian American authors</subfield><subfield code='x'>History and criticism</subfield></datafield><datafield ind1=' ' ind2='0' tag='650'><subfield code='a'>Supernatural in motion pictures</subfield></datafield><datafield ind1=' ' ind2='0' tag='650'><subfield code='a'>Gothic fiction (Literary genre)</subfield><subfield code='x'>History and criticism.</subfield></datafield><datafield ind1=' ' ind2='0' tag='650'><subfield code='a'>Oriental literature (English)</subfield><subfield code='x'>History and criticism.</subfield></datafield><datafield ind1=' ' ind2='7' tag='655'><subfield code='a'>Criticism, interpretation, etc.</subfield><subfield code='2'>fast</subfield></datafield><datafield ind1=' ' ind2='7' tag='648'><subfield code='a'>1900-1999</subfield><subfield code='2'>fast</subfield></datafield><datafield ind1='1' ind2=' ' tag='700'><subfield code='a'>Ng, Andrew Hock-soon,</subfield><subfield code='d'>1972-</subfield></datafield><datafield ind1='0' ind2='8' tag='776'><subfield code='i'>Online version:</subfield><subfield code='t'>Asian Gothic.</subfield><subfield code='d'>Jefferson, N.C. : McFarland &amp; Co., ©2008</subfield><subfield code='w'>(OCoLC)608476529</subfield></datafield><datafield ind1='1' ind2=' ' tag='583'><subfield code='a'>committed to retain</subfield><subfield code='c'>20181001</subfield><subfield code='d'>in perpetuity</subfield><subfield code='f'>ReCAP Shared Collection</subfield><subfield code='5'>HUL</subfield><subfield code='8'>222124420570003941</subfield></datafield><datafield ind1='0' ind2=' ' tag='852'><subfield code='c'>HD</subfield><subfield code='h'>PR9410.5</subfield><subfield code='i'>.A85 2008</subfield><subfield code='0'>12362971</subfield><subfield code='b'>scsbhl</subfield></datafield><datafield ind1=' ' ind2=' ' tag='876'><subfield code='0'>12362971</subfield><subfield code='a'>18136662</subfield><subfield code='h'> </subfield><subfield code='j'>Not Available</subfield><subfield code='k'>WID</subfield><subfield code='p'>32044094582277</subfield><subfield code='x'>Shared</subfield><subfield code='z'>HW</subfield><subfield code='l'>HD</subfield></datafield></record>