
<record><leader>00000cam a2200421Ia 4500</leader><controlfield tag='001'>SCSB-12500022</controlfield><controlfield tag='005'>20140411111311.0</controlfield><controlfield tag='008'>130611s2013    enka     b    001 0 eng d</controlfield><controlfield tag='009'>990139608470203941</controlfield><datafield ind1=' ' ind2=' ' tag='015'><subfield code='a'>GBB372515</subfield><subfield code='2'>bnb</subfield></datafield><datafield ind1='7' ind2=' ' tag='016'><subfield code='a'>016473500</subfield><subfield code='2'>Uk</subfield></datafield><datafield ind1=' ' ind2=' ' tag='020'><subfield code='a'>9781908906113 (pbk.)</subfield></datafield><datafield ind1=' ' ind2=' ' tag='020'><subfield code='a'>1908906111 (pbk.)</subfield></datafield><datafield ind1=' ' ind2=' ' tag='020'><subfield code='z'>9781908906120 (ebook)</subfield></datafield><datafield ind1=' ' ind2=' ' tag='020'><subfield code='z'>190890612X (ebook)</subfield></datafield><datafield ind1=' ' ind2=' ' tag='035'><subfield code='a'>(OCoLC)856201401</subfield><subfield code='z'>(OCoLC)871515878</subfield><subfield code='z'>(OCoLC)1164856332</subfield><subfield code='z'>(OCoLC)1165359121</subfield></datafield><datafield ind1=' ' ind2=' ' tag='040'><subfield code='a'>UKMGB</subfield><subfield code='b'>eng</subfield><subfield code='c'>UKMGB</subfield><subfield code='d'>OCLCO</subfield><subfield code='d'>YDXCP</subfield><subfield code='d'>NKM</subfield><subfield code='d'>IQU</subfield></datafield><datafield ind1=' ' ind2=' ' tag='043'><subfield code='a'>e-uk-en</subfield></datafield><datafield ind1=' ' ind2='4' tag='050'><subfield code='a'>DA125.A84</subfield><subfield code='b'>N37 2013</subfield></datafield><datafield ind1='1' ind2=' ' tag='100'><subfield code='a'>Nasta, Susheila</subfield><subfield code='e'>author.</subfield></datafield><datafield ind1='1' ind2='0' tag='245'><subfield code='a'>Asian Britain :</subfield><subfield code='b'>a photographic history /</subfield><subfield code='c'>Susheila Nasta ; With Florian Stadtler ; preface by Razia Iqbal.</subfield></datafield><datafield ind1=' ' ind2='1' tag='264'><subfield code='a'>London :</subfield><subfield code='b'>Westbourne Press :</subfield><subfield code='b'>In partnership with British Library : In association with gettyimages,</subfield><subfield code='c'>2013.</subfield></datafield><datafield ind1=' ' ind2=' ' tag='300'><subfield code='a'>320 p. :</subfield><subfield code='b'>chiefly illustrations ;</subfield><subfield code='c'>27 cm</subfield></datafield><datafield ind1=' ' ind2=' ' tag='336'><subfield code='a'>text</subfield><subfield code='2'>rdacontent</subfield></datafield><datafield ind1=' ' ind2=' ' tag='336'><subfield code='a'>still image</subfield><subfield code='2'>rdacontent</subfield></datafield><datafield ind1=' ' ind2=' ' tag='337'><subfield code='a'>unmediated</subfield><subfield code='2'>rdamedia</subfield></datafield><datafield ind1=' ' ind2=' ' tag='338'><subfield code='a'>volume</subfield><subfield code='2'>rdacarrier</subfield></datafield><datafield ind1=' ' ind2=' ' tag='504'><subfield code='a'>Includes bibliographical references (p. 314-315) and index.</subfield></datafield><datafield ind1=' ' ind2=' ' tag='520'><subfield code='a'>&quot;This extraordinary photographic history draws upon culture, film, music, the military, business, the suffragist movement and the different phases of historic settlement of Asian migrants from the subcontinent, the Caribbean and East Africa. Asian Britain vividly charts Britain&apos;s process of coming to terms with the historic realities of its culturally diverse past and present.&quot;--Amazon.com.</subfield></datafield><datafield ind1=' ' ind2='0' tag='650'><subfield code='a'>Asians</subfield><subfield code='z'>Great Britain</subfield><subfield code='x'>History</subfield><subfield code='v'>Pictorial works.</subfield></datafield><datafield ind1=' ' ind2='0' tag='650'><subfield code='a'>Asians</subfield><subfield code='z'>Great Britain</subfield><subfield code='x'>Social conditions</subfield><subfield code='v'>Pictorial works.</subfield></datafield><datafield ind1=' ' ind2='7' tag='655'><subfield code='a'>History</subfield><subfield code='2'>fast</subfield><subfield code='0'>(OCoLC)fst01411628</subfield></datafield><datafield ind1=' ' ind2='7' tag='655'><subfield code='a'>Pictorial works</subfield><subfield code='2'>fast</subfield><subfield code='0'>(OCoLC)fst01423874</subfield></datafield><datafield ind1='1' ind2=' ' tag='700'><subfield code='a'>Stadtler, Florian</subfield></datafield><datafield ind1='2' ind2=' ' tag='710'><subfield code='a'>British Library</subfield></datafield><datafield ind1='2' ind2=' ' tag='710'><subfield code='a'>Getty Images, Inc.</subfield></datafield><datafield ind1='1' ind2=' ' tag='583'><subfield code='a'>committed to retain</subfield><subfield code='c'>20181001</subfield><subfield code='d'>in perpetuity</subfield><subfield code='f'>ReCAP Shared Collection</subfield><subfield code='5'>HUL</subfield><subfield code='8'>222164666000003941</subfield></datafield><datafield ind1='0' ind2=' ' tag='852'><subfield code='c'>HD</subfield><subfield code='h'>DA125.A84</subfield><subfield code='i'>N37 2013</subfield><subfield code='0'>13339684</subfield><subfield code='b'>scsbhl</subfield></datafield><datafield ind1=' ' ind2=' ' tag='876'><subfield code='0'>13339684</subfield><subfield code='a'>19151809</subfield><subfield code='h'> </subfield><subfield code='j'>Available</subfield><subfield code='k'>WID</subfield><subfield code='p'>32044120005061</subfield><subfield code='x'>Shared</subfield><subfield code='z'>HW</subfield><subfield code='l'>HD</subfield></datafield></record>