
<record><leader>00944nam a2200313 a 4500</leader><controlfield tag='001'>SCSB-3599651</controlfield><controlfield tag='003'>NNC</controlfield><controlfield tag='005'>20220615221139.0</controlfield><controlfield tag='008'>990318s1998    uy            000 1 spa  </controlfield><controlfield tag='009'>2165025</controlfield><datafield ind1=' ' ind2=' ' tag='010'><subfield code='a'>   98833101 </subfield></datafield><datafield ind1=' ' ind2=' ' tag='020'><subfield code='a'>9974559138</subfield></datafield><datafield ind1=' ' ind2=' ' tag='035'><subfield code='a'>(OCoLC)40403206</subfield></datafield><datafield ind1=' ' ind2=' ' tag='035'><subfield code='a'>(OCoLC)ocm40403206</subfield></datafield><datafield ind1=' ' ind2=' ' tag='035'><subfield code='9'>ANN4174CU</subfield></datafield><datafield ind1=' ' ind2=' ' tag='035'><subfield code='a'>(NNC)2165025</subfield></datafield><datafield ind1=' ' ind2=' ' tag='035'><subfield code='a'>2165025</subfield></datafield><datafield ind1=' ' ind2=' ' tag='040'><subfield code='a'>DLC</subfield><subfield code='c'>DLC</subfield><subfield code='d'>DLC</subfield></datafield><datafield ind1=' ' ind2=' ' tag='042'><subfield code='a'>lcode</subfield></datafield><datafield ind1='0' ind2='0' tag='050'><subfield code='a'>PQ8520.23.O46</subfield><subfield code='b'>S54 1998</subfield></datafield><datafield ind1='0' ind2='0' tag='082'><subfield code='a'>863</subfield><subfield code='2'>21</subfield></datafield><datafield ind1='1' ind2=' ' tag='100'><subfield code='a'>Mondragón, Juan Carlos,</subfield><subfield code='d'>1951-</subfield><subfield code='0'>http://id.loc.gov/authorities/names/n85133494</subfield></datafield><datafield ind1='1' ind2='0' tag='245'><subfield code='a'>Siete partidas /</subfield><subfield code='c'>Juan Carlos Mondragón.</subfield></datafield><datafield ind1=' ' ind2=' ' tag='260'><subfield code='a'>Montevideo :</subfield><subfield code='b'>Librería Linardi y Risso,</subfield><subfield code='c'>1998.</subfield></datafield><datafield ind1=' ' ind2=' ' tag='300'><subfield code='a'>217 pages ;</subfield><subfield code='c'>21 cm</subfield></datafield><datafield ind1=' ' ind2=' ' tag='336'><subfield code='a'>text</subfield><subfield code='b'>txt</subfield><subfield code='2'>rdacontent</subfield></datafield><datafield ind1=' ' ind2=' ' tag='337'><subfield code='a'>unmediated</subfield><subfield code='b'>n</subfield><subfield code='2'>rdamedia</subfield></datafield><datafield ind1=' ' ind2=' ' tag='583'><subfield code='a'>Preserved,</subfield><subfield code='i'>Deacidified,</subfield><subfield code='c'>2007</subfield><subfield code='j'>Cranberry, PA</subfield><subfield code='k'>Preservation Technologies LP</subfield><subfield code='5'>NNC</subfield></datafield><datafield ind1='0' ind2='0' tag='852'><subfield code='h'>PQ8520.23.O46 S54 1998</subfield><subfield code='0'>3603646</subfield><subfield code='b'>scsbcul</subfield></datafield><datafield ind1=' ' ind2=' ' tag='876'><subfield code='0'>3603646</subfield><subfield code='a'>5369985</subfield><subfield code='h'> </subfield><subfield code='j'>Available</subfield><subfield code='p'>CU63580268</subfield><subfield code='t'>1</subfield><subfield code='x'>Shared</subfield><subfield code='z'>CU</subfield><subfield code='l'>RECAP</subfield></datafield></record>