
<record><leader>01923nam a2200445Ia 4500</leader><controlfield tag='001'>SCSB-15445542</controlfield><controlfield tag='005'>20250620224444.4</controlfield><controlfield tag='008'>920918s1991    gw b     b    000 0 ger  </controlfield><controlfield tag='009'>in00033693032</controlfield><datafield ind1=' ' ind2=' ' tag='010'><subfield code='a'>   92109883 </subfield></datafield><datafield ind1=' ' ind2=' ' tag='020'><subfield code='a'>3890854761</subfield></datafield><datafield ind1=' ' ind2=' ' tag='035'><subfield code='a'>(OCoLC)26131885</subfield></datafield><datafield ind1=' ' ind2=' ' tag='035'><subfield code='a'>law531205</subfield></datafield><datafield ind1=' ' ind2=' ' tag='040'><subfield code='a'>DLC</subfield><subfield code='c'>DLC</subfield><subfield code='d'>NNC-L</subfield><subfield code='d'>UtOrBLW</subfield></datafield><datafield ind1=' ' ind2=' ' tag='043'><subfield code='a'>e-sp---</subfield></datafield><datafield ind1=' ' ind2='4' tag='050'><subfield code='a'>KKT140</subfield><subfield code='b'>.S34 1991</subfield></datafield><datafield ind1='1' ind2=' ' tag='100'><subfield code='a'>Scheppach, Maria.</subfield><subfield code='0'>n 92022924</subfield><subfield code='0'>http://id.loc.gov/authorities/names/n92022924</subfield></datafield><datafield ind1='1' ind2='4' tag='245'><subfield code='a'>Las siete partidas :</subfield><subfield code='b'>Entstehungs- und Wirkungsgeschichte /</subfield><subfield code='c'>Maria Scheppach.</subfield></datafield><datafield ind1=' ' ind2='1' tag='264'><subfield code='a'>Pfaffenweiler :</subfield><subfield code='b'>Centaurus-Verlagsgesellschaft,</subfield><subfield code='c'>1991.</subfield></datafield><datafield ind1=' ' ind2=' ' tag='300'><subfield code='a'>xxx, 242 pages :</subfield><subfield code='b'>maps ;</subfield><subfield code='c'>21 cm.</subfield></datafield><datafield ind1=' ' ind2=' ' tag='336'><subfield code='a'>text</subfield><subfield code='b'>txt</subfield><subfield code='2'>rdacontent</subfield></datafield><datafield ind1=' ' ind2=' ' tag='337'><subfield code='a'>unmediated</subfield><subfield code='b'>n</subfield><subfield code='2'>rdamedia</subfield></datafield><datafield ind1=' ' ind2=' ' tag='338'><subfield code='a'>volume</subfield><subfield code='2'>rdacarrier</subfield></datafield><datafield ind1=' ' ind2=' ' tag='340'><subfield code='p'>map</subfield><subfield code='2'>rdaill</subfield></datafield><datafield ind1='1' ind2=' ' tag='490'><subfield code='a'>Reihe Rechtswissenschaft,</subfield><subfield code='x'>0177-2805 ;</subfield><subfield code='v'>Bd. 107</subfield></datafield><datafield ind1=' ' ind2=' ' tag='500'><subfield code='a'>Originally presented as the author&apos;s thesis (doctoral--Universität Kiel, 1990)</subfield></datafield><datafield ind1=' ' ind2=' ' tag='504'><subfield code='a'>Includes bibliographical references (pages xx-xxx)</subfield></datafield><datafield ind1='0' ind2='0' tag='630'><subfield code='a'>Siete partidas.</subfield><subfield code='0'>n 83121262</subfield><subfield code='0'>http://id.loc.gov/authorities/names/n83121262</subfield></datafield><datafield ind1=' ' ind2='0' tag='650'><subfield code='a'>Law</subfield><subfield code='z'>Spain</subfield><subfield code='v'>Sources.</subfield><subfield code='0'>sh2008106834</subfield><subfield code='0'>http://id.loc.gov/authorities/subjects/sh2008106834</subfield></datafield><datafield ind1=' ' ind2='0' tag='650'><subfield code='a'>Law</subfield><subfield code='z'>Spain</subfield><subfield code='x'>History.</subfield><subfield code='0'>sh2009128992</subfield><subfield code='0'>http://id.loc.gov/authorities/subjects/sh2009128992</subfield></datafield><datafield ind1='0' ind2=' ' tag='740'><subfield code='a'>7 partidas</subfield></datafield><datafield ind1=' ' ind2='0' tag='830'><subfield code='a'>Reihe Rechtswissenschaft (Pfaffenweiler, Breisgau-Hochschwarzwald, Germany) ;</subfield><subfield code='v'>Bd. 107.</subfield><subfield code='0'>n 84746993</subfield><subfield code='0'>http://id.loc.gov/authorities/names/n84746993</subfield></datafield><datafield ind1=' ' ind2=' ' tag='907'><subfield code='a'>.b3825826</subfield><subfield code='b'>2016-06-23</subfield><subfield code='c'>1992-06-25</subfield></datafield><datafield ind1='z' ind2='z' tag='909'><subfield code='o'>oai:pegasus.law.columbia.edu:531205</subfield><subfield code='p'>lawclio</subfield></datafield><datafield ind1=' ' ind2=' ' tag='922'><subfield code='a'>Backstage MARS</subfield><subfield code='b'>2014-05-28</subfield><subfield code='c'>2014-06-06</subfield></datafield><datafield ind1=' ' ind2=' ' tag='922'><subfield code='a'>RDA ENRICHED</subfield></datafield><datafield ind1=' ' ind2=' ' tag='922'><subfield code='a'>MARS</subfield></datafield><datafield ind1=' ' ind2=' ' tag='980'><subfield code='a'>ONSITE</subfield></datafield><datafield ind1=' ' ind2=' ' tag='980'><subfield code='a'>BIB</subfield></datafield><datafield ind1=' ' ind2=' ' tag='998'><subfield code='a'>4th</subfield><subfield code='b'>1992-09-18</subfield><subfield code='c'>a</subfield><subfield code='d'>m</subfield><subfield code='e'>-</subfield><subfield code='f'>ger</subfield><subfield code='g'>gw</subfield><subfield code='h'>4</subfield><subfield code='i'>1</subfield></datafield><datafield ind1='0' ind2='0' tag='852'><subfield code='0'>16561777</subfield><subfield code='h'>KKT140</subfield><subfield code='i'>.S34 1991</subfield><subfield code='b'>scsbcul</subfield></datafield><datafield ind1=' ' ind2=' ' tag='876'><subfield code='0'>16561777</subfield><subfield code='a'>23422426</subfield><subfield code='j'>Available</subfield><subfield code='p'>35005017139753</subfield><subfield code='t'>0</subfield><subfield code='x'>Shared</subfield><subfield code='z'>CL</subfield><subfield code='l'>RECAP</subfield></datafield></record>