
<record><leader>00548nam a2200181u  4500</leader><controlfield tag='001'>SCSB-10705673</controlfield><controlfield tag='005'>20020606093309.7</controlfield><controlfield tag='008'>930720s1972    no            000 0 nor d</controlfield><controlfield tag='009'>990032357810203941</controlfield><datafield ind1=' ' ind2=' ' tag='035'><subfield code='a'>(OCoLC)236095327</subfield></datafield><datafield ind1=' ' ind2=' ' tag='040'><subfield code='a'>HLS</subfield><subfield code='c'>HLS</subfield></datafield><datafield ind1='1' ind2=' ' tag='100'><subfield code='a'>Gløersen, Ingeborg,</subfield><subfield code='d'>1916-</subfield></datafield><datafield ind1='1' ind2='0' tag='245'><subfield code='a'>Kongespeilet og Las siete partidas.</subfield></datafield><datafield ind1=' ' ind2=' ' tag='260'><subfield code='a'>Oslo,</subfield><subfield code='b'>Universitetsforlaget</subfield><subfield code='c'>[1972]</subfield></datafield><datafield ind1=' ' ind2=' ' tag='300'><subfield code='a'>108 p.</subfield></datafield><datafield ind1='2' ind2='0' tag='610'><subfield code='a'>Castile (Kingdom).</subfield><subfield code='k'>Laws, statutes, etc. 1252-1284 (Alfonso X)</subfield></datafield><datafield ind1='0' ind2='0' tag='630'><subfield code='a'>Konungs skuggsjá.</subfield></datafield><datafield ind1='1' ind2=' ' tag='583'><subfield code='a'>committed to retain</subfield><subfield code='c'>20181001</subfield><subfield code='d'>in perpetuity</subfield><subfield code='f'>ReCAP Shared Collection</subfield><subfield code='5'>HUL</subfield><subfield code='8'>221872982530003941</subfield></datafield><datafield ind1='7' ind2=' ' tag='852'><subfield code='2'>ZHCL</subfield><subfield code='c'>HD</subfield><subfield code='h'>Scan 5350.56</subfield><subfield code='8'>221872982530003941</subfield><subfield code='0'>11492942</subfield><subfield code='b'>scsbhl</subfield></datafield><datafield ind1=' ' ind2=' ' tag='876'><subfield code='0'>11492942</subfield><subfield code='a'>17233200</subfield><subfield code='j'>Available</subfield><subfield code='k'>WID</subfield><subfield code='p'>32044084743830</subfield><subfield code='x'>Shared</subfield><subfield code='z'>HW</subfield><subfield code='l'>HD</subfield></datafield></record>