
<record><leader>00000cam a22002654a 4500</leader><controlfield tag='001'>SCSB-12033335</controlfield><controlfield tag='005'>20080115154400.0</controlfield><controlfield tag='008'>070704s2006    ph            000 0 eng  </controlfield><controlfield tag='009'>990113618960203941</controlfield><datafield ind1=' ' ind2=' ' tag='010'><subfield code='a'>^^2006425084</subfield></datafield><datafield ind1=' ' ind2=' ' tag='020'><subfield code='a'>971271778X</subfield></datafield><datafield ind1=' ' ind2=' ' tag='020'><subfield code='a'>9789712717789</subfield></datafield><datafield ind1=' ' ind2=' ' tag='035'><subfield code='a'>(OCoLC)153175193</subfield></datafield><datafield ind1=' ' ind2=' ' tag='040'><subfield code='a'>DLC</subfield><subfield code='c'>DLC</subfield><subfield code='d'>CLU</subfield></datafield><datafield ind1=' ' ind2=' ' tag='042'><subfield code='a'>lcode</subfield><subfield code='a'>pcc</subfield></datafield><datafield ind1=' ' ind2='4' tag='050'><subfield code='a'>PL8011</subfield><subfield code='b'>.C67 2006</subfield></datafield><datafield ind1='0' ind2='0' tag='245'><subfield code='a'>Crisscrossing through Afro-Asian literature /</subfield><subfield code='c'>edited by Rustica C. Carpio.</subfield></datafield><datafield ind1='3' ind2='0' tag='246'><subfield code='a'>Afro-Asian literature</subfield></datafield><datafield ind1=' ' ind2=' ' tag='260'><subfield code='a'>Pasig City, Philippines :</subfield><subfield code='b'>Published and exclusively distributed by Anvil Pub.,</subfield><subfield code='c'>c2006.</subfield></datafield><datafield ind1=' ' ind2=' ' tag='300'><subfield code='a'>xv, 449 p. ;</subfield><subfield code='c'>26 cm.</subfield></datafield><datafield ind1=' ' ind2='0' tag='650'><subfield code='a'>African literature</subfield><subfield code='v'>Translations into English.</subfield></datafield><datafield ind1=' ' ind2='0' tag='650'><subfield code='a'>Oriental literature</subfield><subfield code='x'>Translations into English</subfield></datafield><datafield ind1=' ' ind2='7' tag='655'><subfield code='a'>Translations</subfield><subfield code='2'>fast</subfield><subfield code='0'>(OCoLC)fst01423791</subfield></datafield><datafield ind1='1' ind2=' ' tag='700'><subfield code='a'>Carpio, Rustica C.</subfield></datafield><datafield ind1='1' ind2=' ' tag='583'><subfield code='a'>committed to retain</subfield><subfield code='c'>20181001</subfield><subfield code='d'>in perpetuity</subfield><subfield code='f'>ReCAP Shared Collection</subfield><subfield code='5'>HUL</subfield><subfield code='8'>222120406620003941</subfield></datafield><datafield ind1='0' ind2=' ' tag='852'><subfield code='c'>HD</subfield><subfield code='h'>PL8011</subfield><subfield code='i'>.C67 2006</subfield><subfield code='0'>12859637</subfield><subfield code='b'>scsbhl</subfield></datafield><datafield ind1=' ' ind2=' ' tag='876'><subfield code='0'>12859637</subfield><subfield code='a'>18653159</subfield><subfield code='h'> </subfield><subfield code='j'>Available</subfield><subfield code='k'>WID</subfield><subfield code='p'>32044100316397</subfield><subfield code='x'>Shared</subfield><subfield code='z'>HW</subfield><subfield code='l'>HD</subfield></datafield></record>