
<record><leader>00000cam  2200241   4500</leader><controlfield tag='001'>SCSB-7227120</controlfield><controlfield tag='005'>20000629170408.0</controlfield><controlfield tag='008'>740709s1963    ce            00| 0|eng| cam   </controlfield><controlfield tag='009'>.b101656178</controlfield><datafield ind1=' ' ind2='0' tag='650'><subfield code='a'>African poetry</subfield><subfield code='v'>Translations into English.</subfield></datafield><datafield ind1=' ' ind2='0' tag='650'><subfield code='a'>Oriental poetry</subfield><subfield code='v'>Translations into English.</subfield></datafield><datafield ind1=' ' ind2='0' tag='650'><subfield code='a'>English poetry</subfield><subfield code='v'>Translations.</subfield></datafield><datafield ind1=' ' ind2=' ' tag='010'><subfield code='a'>74902522</subfield></datafield><datafield ind1=' ' ind2=' ' tag='260'><subfield code='a'>Colombo,</subfield><subfield code='b'>Afro-Asian Writers&apos; Bureau</subfield><subfield code='c'>[1963]</subfield></datafield><datafield ind1=' ' ind2=' ' tag='300'><subfield code='a'>1 v.</subfield><subfield code='c'>22 cm.</subfield></datafield><datafield ind1='0' ind2='0' tag='245'><subfield code='a'>Afro-Asian poems;</subfield><subfield code='b'>anthology.</subfield></datafield><datafield ind1=' ' ind2=' ' tag='040'><subfield code='c'>NN</subfield><subfield code='d'>NN</subfield><subfield code='d'>WaOLN</subfield></datafield><datafield ind1='1' ind2=' ' tag='041'><subfield code='a'>engund</subfield></datafield><datafield ind1=' ' ind2='0' tag='050'><subfield code='a'>PN6101</subfield><subfield code='b'>.A3</subfield></datafield><datafield ind1=' ' ind2='0' tag='908'><subfield code='a'>PN6101</subfield><subfield code='b'>.A3</subfield></datafield><datafield ind1=' ' ind2=' ' tag='997'><subfield code='a'>hg</subfield><subfield code='b'>10-04-00</subfield><subfield code='c'>m</subfield><subfield code='d'>a</subfield><subfield code='e'>-</subfield><subfield code='f'>eng</subfield><subfield code='g'>ce</subfield><subfield code='h'>0</subfield></datafield><datafield ind1=' ' ind2=' ' tag='991'><subfield code='y'>235685</subfield></datafield><datafield ind1=' ' ind2=' ' tag='910'><subfield code='a'>RL</subfield></datafield><datafield ind1='0' ind2='0' tag='907'><subfield code='a'>.b101656178</subfield></datafield><datafield ind1=' ' ind2=' ' tag='035'><subfield code='a'>(OCoLC)235685</subfield></datafield><datafield ind1='8' ind2=' ' tag='852'><subfield code='h'>JFK 74-318 v. 1, pt. 2</subfield><subfield code='0'>7322640</subfield><subfield code='b'>scsbnypl</subfield></datafield><datafield ind1=' ' ind2=' ' tag='866'><subfield code='a'>v. 1, pt. 2</subfield><subfield code='0'>7322640</subfield></datafield><datafield ind1=' ' ind2=' ' tag='876'><subfield code='0'>7322640</subfield><subfield code='3'>v. 1, pt. 2</subfield><subfield code='a'>11948725</subfield><subfield code='j'>Available</subfield><subfield code='p'>33433003395138</subfield><subfield code='t'>1</subfield><subfield code='x'>Shared</subfield><subfield code='z'>NA</subfield><subfield code='l'>RECAP</subfield></datafield></record>