
<record><leader>01095cam a2200325   4500</leader><controlfield tag='001'>SCSB-3777499</controlfield><controlfield tag='003'>NNC</controlfield><controlfield tag='005'>20220616045002.0</controlfield><controlfield tag='008'>790810s1960    fr            100 0 fre d</controlfield><controlfield tag='009'>2442976</controlfield><datafield ind1=' ' ind2=' ' tag='035'><subfield code='a'>(OCoLC)ocm05259891</subfield></datafield><datafield ind1=' ' ind2=' ' tag='035'><subfield code='9'>APZ0359CU</subfield></datafield><datafield ind1=' ' ind2=' ' tag='035'><subfield code='a'>(NNC)2442976</subfield></datafield><datafield ind1=' ' ind2=' ' tag='035'><subfield code='a'>2442976</subfield></datafield><datafield ind1=' ' ind2=' ' tag='040'><subfield code='a'>COO</subfield><subfield code='c'>COO</subfield><subfield code='d'>OCL</subfield><subfield code='d'>ZCU</subfield></datafield><datafield ind1=' ' ind2=' ' tag='099'><subfield code='a'>804</subfield><subfield code='a'>K836</subfield></datafield><datafield ind1='2' ind2=' ' tag='111'><subfield code='a'>Afro-Asian Writers&apos; Conference.</subfield><subfield code='0'>http://id.loc.gov/authorities/names/n50054690</subfield></datafield><datafield ind1='1' ind2='3' tag='245'><subfield code='a'>La Conférence des écrivains d&apos;Asie et d&apos;Afrique à Tachkent.</subfield></datafield><datafield ind1=' ' ind2=' ' tag='260'><subfield code='a'>Paris,</subfield><subfield code='c'>1960.</subfield></datafield><datafield ind1=' ' ind2=' ' tag='300'><subfield code='a'>60 pages ;</subfield><subfield code='c'>27 cm.</subfield></datafield><datafield ind1=' ' ind2=' ' tag='336'><subfield code='a'>text</subfield><subfield code='b'>txt</subfield><subfield code='2'>rdacontent</subfield></datafield><datafield ind1=' ' ind2=' ' tag='337'><subfield code='a'>unmediated</subfield><subfield code='b'>n</subfield><subfield code='2'>rdamedia</subfield></datafield><datafield ind1='1' ind2=' ' tag='490'><subfield code='a'>[France] Direction de la documentation. Travaux et recherches,</subfield><subfield code='v'>no 7</subfield></datafield><datafield ind1=' ' ind2=' ' tag='500'><subfield code='a'>Cover title.</subfield></datafield><datafield ind1=' ' ind2='0' tag='650'><subfield code='a'>Oriental literature</subfield><subfield code='v'>Congresses.</subfield></datafield><datafield ind1=' ' ind2='0' tag='650'><subfield code='a'>African literature</subfield><subfield code='v'>Congresses.</subfield></datafield><datafield ind1=' ' ind2='0' tag='830'><subfield code='a'>Travaux et recherches (France. Direction de la documentation) ;</subfield><subfield code='v'>no 7.</subfield><subfield code='0'>http://id.loc.gov/authorities/names/n84725362</subfield></datafield><datafield ind1='8' ind2='0' tag='852'><subfield code='h'>804 K836</subfield><subfield code='0'>3788237</subfield><subfield code='b'>scsbcul</subfield></datafield><datafield ind1=' ' ind2=' ' tag='876'><subfield code='0'>3788237</subfield><subfield code='a'>5588363</subfield><subfield code='h'> </subfield><subfield code='j'>Available</subfield><subfield code='p'>CU58263861</subfield><subfield code='t'>1</subfield><subfield code='x'>Shared</subfield><subfield code='z'>CU</subfield><subfield code='l'>RECAP</subfield></datafield></record>