
<record><leader>00000cam  2200265   4500</leader><controlfield tag='001'>SCSB-7950681</controlfield><controlfield tag='005'>20000629180211.0</controlfield><controlfield tag='008'>891002s1966    pk            000 1 eng  cam   </controlfield><controlfield tag='009'>.b112363490</controlfield><datafield ind1='2' ind2=' ' tag='110'><subfield code='a'>Afro-Asian Book Club.</subfield></datafield><datafield ind1=' ' ind2='0' tag='650'><subfield code='a'>Pakistani literature</subfield><subfield code='v'>Translations into English.</subfield></datafield><datafield ind1=' ' ind2='0' tag='650'><subfield code='a'>English literature</subfield><subfield code='v'>Translations.</subfield></datafield><datafield ind1=' ' ind2=' ' tag='250'><subfield code='a'>[1st ed.</subfield></datafield><datafield ind1=' ' ind2=' ' tag='010'><subfield code='a'>sa 68018833</subfield></datafield><datafield ind1=' ' ind2=' ' tag='260'><subfield code='a'>Lahore,</subfield><subfield code='c'>1966]</subfield></datafield><datafield ind1=' ' ind2=' ' tag='300'><subfield code='a'>308 p. (p. 289-308 advertisements)</subfield><subfield code='c'>19 cm.</subfield></datafield><datafield ind1='1' ind2='0' tag='245'><subfield code='a'>Under the green canopy;</subfield><subfield code='b'>selections from contemporary creative writings of Pakistan.</subfield></datafield><datafield ind1=' ' ind2=' ' tag='025'><subfield code='a'>PL480:P-E-1033</subfield></datafield><datafield ind1=' ' ind2=' ' tag='040'><subfield code='d'>NN</subfield><subfield code='d'>WaOLN</subfield></datafield><datafield ind1='1' ind2=' ' tag='041'><subfield code='a'>eng</subfield><subfield code='h'>mul</subfield></datafield><datafield ind1=' ' ind2=' ' tag='043'><subfield code='a'>a-pk---</subfield></datafield><datafield ind1='0' ind2='0' tag='050'><subfield code='a'>PK5461.A1</subfield><subfield code='b'>A37</subfield></datafield><datafield ind1='0' ind2='0' tag='908'><subfield code='a'>PK5461.A1</subfield><subfield code='b'>A37</subfield></datafield><datafield ind1=' ' ind2=' ' tag='997'><subfield code='a'>ho</subfield><subfield code='b'>10-21-00</subfield><subfield code='c'>m</subfield><subfield code='d'>a</subfield><subfield code='e'>-</subfield><subfield code='f'>eng</subfield><subfield code='g'>pk</subfield><subfield code='h'>0</subfield></datafield><datafield ind1=' ' ind2=' ' tag='910'><subfield code='a'>RL</subfield></datafield><datafield ind1='0' ind2='0' tag='907'><subfield code='a'>.b112363490</subfield></datafield><datafield ind1='8' ind2=' ' tag='852'><subfield code='h'>*OHS 89-21751</subfield><subfield code='0'>8092001</subfield><subfield code='b'>scsbnypl</subfield></datafield><datafield ind1=' ' ind2=' ' tag='876'><subfield code='0'>8092001</subfield><subfield code='a'>13302408</subfield><subfield code='j'>Available</subfield><subfield code='p'>33433058148721</subfield><subfield code='t'>1</subfield><subfield code='x'>Shared</subfield><subfield code='z'>NA</subfield><subfield code='l'>RECAP</subfield></datafield></record>