
<record><leader>00939nam a2200265I  4500</leader><controlfield tag='001'>SCSB-10697338</controlfield><controlfield tag='005'>20020606093309.7</controlfield><controlfield tag='008'>780512s1963    ru a          000 0 rus  </controlfield><controlfield tag='009'>990035341080203941</controlfield><datafield ind1=' ' ind2=' ' tag='010'><subfield code='a'>^^^75581421^</subfield></datafield><datafield ind1=' ' ind2=' ' tag='035'><subfield code='a'>(OCoLC)3890715</subfield></datafield><datafield ind1=' ' ind2=' ' tag='040'><subfield code='a'>DLC</subfield><subfield code='c'>KKU</subfield><subfield code='d'>m.c.</subfield><subfield code='d'>m/c</subfield><subfield code='d'>CRL</subfield></datafield><datafield ind1='0' ind2=' ' tag='050'><subfield code='a'>PJ21</subfield><subfield code='b'>.A3 1960</subfield></datafield><datafield ind1='2' ind2=' ' tag='111'><subfield code='a'>Afro-Asian Writers&apos; Conference</subfield><subfield code='n'>(3rd :</subfield><subfield code='d'>1960 :</subfield><subfield code='c'>Cairo)</subfield></datafield><datafield ind1='1' ind2='0' tag='245'><subfield code='a'>Kairskai︠a︡ konferent︠s︡ii︠a︡ pisateleĭ stran Azii i Afriki.</subfield><subfield code='c'>[Sostavitelʹ K. A. Chugunov].</subfield></datafield><datafield ind1=' ' ind2=' ' tag='260'><subfield code='a'>Moskva,</subfield><subfield code='b'>Izd-vo vostochnoĭ lit-ry,</subfield><subfield code='c'>1963.</subfield></datafield><datafield ind1=' ' ind2=' ' tag='300'><subfield code='a'>98 p.</subfield><subfield code='b'>illus.</subfield><subfield code='c'>20 cm.</subfield></datafield><datafield ind1=' ' ind2=' ' tag='500'><subfield code='a'>At head of title: Akademii︠a︡ nauk SSSR. Institut narodov Azii.</subfield></datafield><datafield ind1=' ' ind2='0' tag='650'><subfield code='a'>African literature</subfield><subfield code='x'>Congresses.</subfield></datafield><datafield ind1=' ' ind2='0' tag='650'><subfield code='a'>Oriental literature</subfield><subfield code='x'>Congresses.</subfield></datafield><datafield ind1=' ' ind2='7' tag='655'><subfield code='a'>Conference papers and proceedings</subfield><subfield code='2'>fast</subfield><subfield code='0'>(OCoLC)fst01423772</subfield></datafield><datafield ind1=' ' ind2='7' tag='655'><subfield code='a'>Criticism, interpretation, etc.</subfield><subfield code='2'>fast</subfield><subfield code='0'>(OCoLC)fst01411635</subfield></datafield><datafield ind1='1' ind2=' ' tag='700'><subfield code='a'>Chugunov,K. A.</subfield></datafield><datafield ind1='2' ind2=' ' tag='710'><subfield code='a'>Institut narodov Azii (Akademii︠a︡ nauk SSSR)</subfield></datafield><datafield ind1='0' ind2='8' tag='776'><subfield code='i'>Online version:</subfield><subfield code='a'>Afro-Asian Writers&apos; Conference (3rd : 1960 : Cairo).</subfield><subfield code='t'>Kairskai︠a︡ konferent︠s︡ii︠a︡ pisateleĭ stran Azii i Afriki.</subfield><subfield code='d'>Moskva, Izd-vo vostochnoĭ lit-ry, 1963</subfield><subfield code='w'>(OCoLC)654971694</subfield></datafield><datafield ind1='1' ind2=' ' tag='583'><subfield code='a'>committed to retain</subfield><subfield code='c'>20181001</subfield><subfield code='d'>in perpetuity</subfield><subfield code='f'>ReCAP Shared Collection</subfield><subfield code='5'>HUL</subfield><subfield code='8'>221879169760003941</subfield></datafield><datafield ind1='7' ind2=' ' tag='852'><subfield code='2'>ZHCL</subfield><subfield code='c'>HD</subfield><subfield code='h'>Lit 15.30.7</subfield><subfield code='0'>11484402</subfield><subfield code='b'>scsbhl</subfield></datafield><datafield ind1=' ' ind2=' ' tag='876'><subfield code='0'>11484402</subfield><subfield code='a'>17224256</subfield><subfield code='h'> </subfield><subfield code='j'>Available</subfield><subfield code='k'>WID</subfield><subfield code='p'>HX3ELI</subfield><subfield code='x'>Shared</subfield><subfield code='z'>HW</subfield><subfield code='l'>HD</subfield></datafield></record>