
<record><leader>01009nam a2200265Ia 4500</leader><controlfield tag='001'>SCSB-11811395</controlfield><controlfield tag='005'>20020606163548.3</controlfield><controlfield tag='008'>830511s1978    uz a          100 0 rus d</controlfield><controlfield tag='009'>990060092980203941</controlfield><datafield ind1=' ' ind2=' ' tag='010'><subfield code='a'>^^^79413373^</subfield></datafield><datafield ind1=' ' ind2=' ' tag='035'><subfield code='a'>(OCoLC)9499244</subfield></datafield><datafield ind1=' ' ind2=' ' tag='040'><subfield code='a'>GZM</subfield><subfield code='c'>GZM</subfield><subfield code='d'>HLS</subfield></datafield><datafield ind1=' ' ind2=' ' tag='050'><subfield code='a'>PL8010</subfield><subfield code='b'>.M4 1976</subfield></datafield><datafield ind1='2' ind2=' ' tag='111'><subfield code='a'>Meeting of Young Afro-Asian Writers</subfield><subfield code='n'>(1st :</subfield><subfield code='d'>1976 :</subfield><subfield code='c'>Tashkend, Uzbek S.S.R.)</subfield></datafield><datafield ind1='1' ind2='0' tag='245'><subfield code='a'>Molodostʹ, druzhba, mir :</subfield><subfield code='b'>vstrecha molodykh pisateleĭ stran Azii i Afriki, Tashkent, 28 senti︠ab︡ri︠a ︡-4 okti︠ab︡ri︠a ︡1976 /</subfield><subfield code='c'>[red. kollegii︠a ︡: R. Babadzhan, i dr. ; sostaviteli : E. Kalina, L.T︠Sv︡etkova]</subfield></datafield><datafield ind1=' ' ind2=' ' tag='260'><subfield code='a'>Tashkent :</subfield><subfield code='b'>Izd-vo li-ry i iskusstva im. G. Guli︠am︡a,</subfield><subfield code='c'>1978.</subfield></datafield><datafield ind1=' ' ind2=' ' tag='300'><subfield code='a'>148 p.</subfield><subfield code='b'>ill. ;</subfield><subfield code='c'>21 cm.</subfield></datafield><datafield ind1=' ' ind2='0' tag='650'><subfield code='a'>African literature</subfield><subfield code='v'>Congresses.</subfield></datafield><datafield ind1=' ' ind2='0' tag='650'><subfield code='a'>Oriental literature</subfield><subfield code='v'>Congresses.</subfield></datafield><datafield ind1='1' ind2=' ' tag='700'><subfield code='a'>Bobozhon, Ramz.</subfield></datafield><datafield ind1='1' ind2=' ' tag='700'><subfield code='a'>Kalina, E.</subfield></datafield><datafield ind1='1' ind2=' ' tag='700'><subfield code='a'>T︠S︡vetkova, L.</subfield></datafield><datafield ind1='1' ind2=' ' tag='583'><subfield code='a'>committed to retain</subfield><subfield code='c'>20181001</subfield><subfield code='d'>in perpetuity</subfield><subfield code='f'>ReCAP Shared Collection</subfield><subfield code='5'>HUL</subfield><subfield code='8'>221961436520003941</subfield></datafield><datafield ind1='0' ind2=' ' tag='852'><subfield code='c'>HD</subfield><subfield code='h'>PL 8010</subfield><subfield code='i'>.M4 1976</subfield><subfield code='0'>12631203</subfield><subfield code='b'>scsbhl</subfield></datafield><datafield ind1=' ' ind2=' ' tag='876'><subfield code='0'>12631203</subfield><subfield code='a'>18415443</subfield><subfield code='h'> </subfield><subfield code='j'>Available</subfield><subfield code='k'>WID</subfield><subfield code='p'>HWE6D9</subfield><subfield code='x'>Shared</subfield><subfield code='z'>HW</subfield><subfield code='l'>HD</subfield></datafield></record>