
<record><leader>03508cam a2200553 i 4500</leader><controlfield tag='001'>SCSB-15178117</controlfield><controlfield tag='005'>20260510213015.0</controlfield><controlfield tag='007'>t|</controlfield><controlfield tag='008'>231226s2023    ii af         000 0beng  </controlfield><controlfield tag='009'>99158904005803941</controlfield><datafield ind1=' ' ind2=' ' tag='010'><subfield code='a'>  2023345171</subfield></datafield><datafield ind1=' ' ind2=' ' tag='020'><subfield code='a'>9789356993556</subfield><subfield code='q'>P-ISBN</subfield></datafield><datafield ind1=' ' ind2=' ' tag='020'><subfield code='a'>9356993556</subfield></datafield><datafield ind1=' ' ind2=' ' tag='020'><subfield code='z'>9789356993563</subfield><subfield code='q'>E-ISBN</subfield></datafield><datafield ind1=' ' ind2=' ' tag='025'><subfield code='a'>I-E-2023345171; 63-90</subfield></datafield><datafield ind1=' ' ind2=' ' tag='035'><subfield code='a'>(OCoLC)1416013054</subfield><subfield code='z'>(OCoLC)1393204642</subfield></datafield><datafield ind1=' ' ind2=' ' tag='037'><subfield code='b'>Library of Congress -- New Delhi Overseas Office</subfield></datafield><datafield ind1=' ' ind2=' ' tag='040'><subfield code='a'>DLC</subfield><subfield code='b'>eng</subfield><subfield code='e'>rda</subfield><subfield code='c'>DLC</subfield><subfield code='d'>OCLCO</subfield></datafield><datafield ind1=' ' ind2=' ' tag='042'><subfield code='a'>lcode</subfield><subfield code='a'>pcc</subfield></datafield><datafield ind1=' ' ind2=' ' tag='043'><subfield code='a'>a-ii---</subfield><subfield code='0'>http://id.loc.gov/vocabulary/geographicAreas/a-ii</subfield></datafield><datafield ind1='0' ind2='0' tag='050'><subfield code='a'>U54.I4</subfield><subfield code='b'>P35 2023</subfield></datafield><datafield ind1='1' ind2=' ' tag='100'><subfield code='a'>Pandey, Swapnil</subfield><subfield code='e'>author</subfield><subfield code='4'>aut</subfield><subfield code='4'>http://id.loc.gov/vocabulary/relators/aut</subfield><subfield code='0'>http://id.loc.gov/authorities/names/n2022241182</subfield><subfield code='1'>http://id.loc.gov/rwo/agents/n2022241182.</subfield></datafield><datafield ind1='1' ind2='0' tag='245'><subfield code='a'>Balidan :</subfield><subfield code='b'>stories of India&apos;s greatest para special forces operatives /</subfield><subfield code='c'>Swapnil Pandey.</subfield></datafield><datafield ind1=' ' ind2='1' tag='264'><subfield code='a'>Gurugram, Haryana :</subfield><subfield code='b'>HarperCollins Publishers India,</subfield><subfield code='c'>2023.</subfield></datafield><datafield ind1=' ' ind2=' ' tag='300'><subfield code='a'>xviii, 229 pages, 8 unnumbered pages of plates</subfield><subfield code='b'>color illustrations</subfield><subfield code='c'>22 cm</subfield></datafield><datafield ind1=' ' ind2=' ' tag='334'><subfield code='a'>single unit</subfield><subfield code='b'>mono</subfield><subfield code='0'>http://id.loc.gov/vocabulary/issuance/mono</subfield></datafield><datafield ind1=' ' ind2=' ' tag='336'><subfield code='a'>text</subfield><subfield code='b'>txt</subfield><subfield code='2'>rdacontent</subfield><subfield code='0'>http://id.loc.gov/vocabulary/contentTypes/txt</subfield></datafield><datafield ind1=' ' ind2=' ' tag='337'><subfield code='a'>unmediated</subfield><subfield code='b'>n</subfield><subfield code='2'>rdamedia</subfield><subfield code='0'>http://id.loc.gov/vocabulary/mediaTypes/n</subfield></datafield><datafield ind1=' ' ind2=' ' tag='338'><subfield code='a'>volume</subfield><subfield code='b'>nc</subfield><subfield code='2'>rdacarrier</subfield><subfield code='0'>http://id.loc.gov/vocabulary/carriers/nc</subfield></datafield><datafield ind1=' ' ind2=' ' tag='340'><subfield code='p'>illustrations.</subfield><subfield code='0'>http://id.loc.gov/vocabulary/millus/ill</subfield></datafield><datafield ind1=' ' ind2=' ' tag='340'><subfield code='p'>plates.</subfield><subfield code='0'>http://id.loc.gov/vocabulary/millus/plt</subfield></datafield><datafield ind1=' ' ind2=' ' tag='340'><subfield code='g'>color.</subfield><subfield code='0'>http://id.loc.gov/vocabulary/mcolor/mul</subfield></datafield><datafield ind1=' ' ind2=' ' tag='386'><subfield code='m'>Occupation/field of activity group</subfield><subfield code='n'>occ</subfield><subfield code='a'>Writers</subfield><subfield code='0'>http://id.loc.gov/authorities/demographicTerms/dg2016060292</subfield></datafield><datafield ind1=' ' ind2=' ' tag='386'><subfield code='m'>Occupation/field of activity group</subfield><subfield code='n'>occ</subfield><subfield code='a'>University and college faculty members</subfield><subfield code='0'>http://id.loc.gov/authorities/demographicTerms/dg2016060024</subfield></datafield><datafield ind1=' ' ind2=' ' tag='386'><subfield code='m'>National/regional group</subfield><subfield code='n'>nat</subfield><subfield code='a'>Indians (India)</subfield><subfield code='0'>http://id.loc.gov/authorities/demographicTerms/dg2015060712</subfield></datafield><datafield ind1=' ' ind2=' ' tag='386'><subfield code='m'>Age group</subfield><subfield code='n'>age</subfield><subfield code='a'>Women</subfield><subfield code='0'>http://id.loc.gov/authorities/demographicTerms/dg2015060358</subfield></datafield><datafield ind1='0' ind2=' ' tag='505'><subfield code='a'>21 Para (Special forces): The Waghnakhs. 1. Colonel Santosh Yashwant Mahadik, SM: SC (posthumous): The Waghnakh who lived and died for the nation -- 2. Brigadier Saurabh Singh Shekhawat, KC, SC, SM, VSM: the man, the myth, the legend -- 9 Para (Special forces): the ghosts of the valley. 3. Subedar Major/Honorary Captain Mahendra Singh, KC, SM: The Great Mountain of 9 Para SF -- 4. Captain Tushar Mahajan, SC (posthumous): the Enigma who went too soon -- 5. Major Manish Singh, SC, and Mrs Aastha Panwar: the love story of a commando -- 4 Para (Special forces): the fourth of the north. 6. Operation Rangdori Baihk: the band of brothers.</subfield></datafield><datafield ind1=' ' ind2=' ' tag='530'><subfield code='a'>Also available as an e-book.</subfield></datafield><datafield ind1=' ' ind2='0' tag='650'><subfield code='a'>Soldiers</subfield><subfield code='z'>India</subfield><subfield code='v'>Biography</subfield></datafield><datafield ind1=' ' ind2='6' tag='650'><subfield code='a'>Militaires</subfield><subfield code='z'>Inde</subfield><subfield code='v'>Biographies.</subfield></datafield><datafield ind1='1' ind2='0' tag='610'><subfield code='a'>India.</subfield><subfield code='b'>Army.</subfield><subfield code='b'>Parachute Regiment.</subfield><subfield code='b'>Para (Special Forces)</subfield><subfield code='x'>Officers</subfield><subfield code='v'>Biography.</subfield></datafield><datafield ind1=' ' ind2='7' tag='655'><subfield code='a'>Biographies</subfield><subfield code='2'>lcgft</subfield></datafield><datafield ind1=' ' ind2='7' tag='655'><subfield code='a'>Biographies.</subfield><subfield code='2'>rvmgf</subfield></datafield><datafield ind1=' ' ind2=' ' tag='758'><subfield code='1'>http://id.loc.gov/resources/instances/23479298</subfield></datafield><datafield ind1=' ' ind2=' ' tag='758'><subfield code='4'>http://id.loc.gov/ontologies/bibframe/instanceOf</subfield><subfield code='1'>http://id.loc.gov/resources/works/23479298</subfield></datafield><datafield ind1=' ' ind2=' ' tag='884'><subfield code='a'>DLC bibframe2marc v2.10-dev</subfield><subfield code='g'>20250430</subfield><subfield code='q'>DLC</subfield><subfield code='u'>https://github.com/lcnetdev/bibframe2marc/releases/tag/v2.10-dev</subfield></datafield><datafield ind1='1' ind2=' ' tag='583'><subfield code='a'>committed to retain</subfield><subfield code='d'>in perpetuity</subfield><subfield code='f'>ReCAP</subfield><subfield code='f'>South Asian Imprints Collaborative Collection</subfield><subfield code='u'>http://arks.princeton.edu/ark:/88435/dcxg94j1575</subfield><subfield code='5'>MH</subfield><subfield code='8'>222707118440003941</subfield></datafield><datafield ind1='0' ind2=' ' tag='852'><subfield code='c'>HD</subfield><subfield code='h'>U54.I4</subfield><subfield code='i'>P35 2023</subfield><subfield code='0'>16267759</subfield><subfield code='b'>scsbhl</subfield></datafield><datafield ind1=' ' ind2=' ' tag='876'><subfield code='0'>16267759</subfield><subfield code='a'>23004763</subfield><subfield code='h'> </subfield><subfield code='j'>Available</subfield><subfield code='k'>WID</subfield><subfield code='p'>32044168032209</subfield><subfield code='x'>Committed</subfield><subfield code='z'>HW</subfield><subfield code='l'>HD</subfield></datafield></record>