
<record><leader>00000cam a2200685 i 4500</leader><controlfield tag='001'>SCSB-15333012</controlfield><controlfield tag='003'>OCoLC</controlfield><controlfield tag='005'>20260417124157.0</controlfield><controlfield tag='008'>240227s2023    pl abef  b    001 0 pol ccam i </controlfield><controlfield tag='009'>.b232317495</controlfield><datafield ind1='1' ind2=' ' tag='100'><subfield code='a'>Kondracki, Tadeusz,</subfield><subfield code='e'>author.</subfield><subfield code='1'>https://id.oclc.org/worldcat/entity/E39PCjMyV9VPrgRdCR37GGQ7wP</subfield></datafield><datafield ind1='2' ind2=' ' tag='710'><subfield code='a'>Instytut Historii (Polska Akademia Nauk),</subfield><subfield code='e'>issuing body,</subfield><subfield code='e'>publisher.</subfield><subfield code='1'>https://id.oclc.org/worldcat/entity/E39QQPVp7Kp879gwycM3gRQJPF</subfield></datafield><datafield ind1='1' ind2='0' tag='610'><subfield code='a'>Poland.</subfield><subfield code='b'>Marynarka Wojenna</subfield><subfield code='x'>Boats</subfield><subfield code='x'>History</subfield><subfield code='y'>20th century.</subfield></datafield><datafield ind1=' ' ind2='0' tag='650'><subfield code='a'>Torpedo-boats</subfield><subfield code='z'>Poland</subfield><subfield code='x'>History</subfield><subfield code='y'>20th century.</subfield></datafield><datafield ind1=' ' ind2='0' tag='650'><subfield code='a'>World War, 1939-1945</subfield><subfield code='x'>Naval operation, Polish.</subfield></datafield><datafield ind1=' ' ind2='0' tag='650'><subfield code='a'>World War, 1939-1945</subfield><subfield code='x'>Campaigns</subfield><subfield code='z'>English Channel.</subfield></datafield><datafield ind1=' ' ind2='0' tag='650'><subfield code='a'>World War, 1939-1945</subfield><subfield code='x'>Campaigns</subfield><subfield code='z'>North Sea.</subfield></datafield><datafield ind1='1' ind2='7' tag='610'><subfield code='a'>Poland.</subfield><subfield code='b'>Marynarka Wojenna.</subfield><subfield code='2'>fast</subfield><subfield code='0'>(OCoLC)fst00518079</subfield></datafield><datafield ind1=' ' ind2='7' tag='647'><subfield code='a'>World War</subfield><subfield code='d'>(1939-1945)</subfield><subfield code='2'>fast</subfield><subfield code='0'>(OCoLC)fst01180924</subfield></datafield><datafield ind1=' ' ind2='7' tag='648'><subfield code='a'>1900-1999</subfield><subfield code='2'>fast</subfield></datafield><datafield ind1=' ' ind2='7' tag='650'><subfield code='a'>Boats and boating.</subfield><subfield code='2'>fast</subfield><subfield code='0'>(OCoLC)fst00835176</subfield></datafield><datafield ind1=' ' ind2='7' tag='650'><subfield code='a'>Military campaigns.</subfield><subfield code='2'>fast</subfield><subfield code='0'>(OCoLC)fst01710190</subfield></datafield><datafield ind1=' ' ind2='7' tag='650'><subfield code='a'>Torpedo-boats.</subfield><subfield code='2'>fast</subfield><subfield code='0'>(OCoLC)fst01152784</subfield></datafield><datafield ind1=' ' ind2='7' tag='651'><subfield code='a'>Atlantic Ocean</subfield><subfield code='z'>English Channel.</subfield><subfield code='2'>fast</subfield><subfield code='0'>(OCoLC)fst01244405</subfield></datafield><datafield ind1=' ' ind2='7' tag='651'><subfield code='a'>Atlantic Ocean</subfield><subfield code='z'>North Sea.</subfield><subfield code='2'>fast</subfield><subfield code='0'>(OCoLC)fst01242504</subfield></datafield><datafield ind1=' ' ind2='7' tag='651'><subfield code='a'>Poland.</subfield><subfield code='2'>fast</subfield><subfield code='0'>(OCoLC)fst01206891</subfield></datafield><datafield ind1=' ' ind2='7' tag='655'><subfield code='a'>History.</subfield><subfield code='2'>fast</subfield><subfield code='0'>(OCoLC)fst01411628</subfield></datafield><datafield ind1=' ' ind2=' ' tag='250'><subfield code='a'>Wydanie I.</subfield></datafield><datafield ind1=' ' ind2=' ' tag='020'><subfield code='a'>9788366911444</subfield></datafield><datafield ind1=' ' ind2=' ' tag='020'><subfield code='a'>8366911446</subfield></datafield><datafield ind1=' ' ind2=' ' tag='010'><subfield code='a'>  2024463430</subfield></datafield><datafield ind1=' ' ind2=' ' tag='504'><subfield code='a'>Includes bibliographical references (pages 320-327) and index</subfield></datafield><datafield ind1=' ' ind2=' ' tag='546'><subfield code='a'>In Polish with summary in English</subfield></datafield><datafield ind1='1' ind2=' ' tag='583'><subfield code='a'>committed to retain</subfield><subfield code='d'>in perpetuity</subfield><subfield code='f'>ReCAP</subfield><subfield code='f'>Slavic and East European Books Collaborative Collection</subfield><subfield code='5'>NN</subfield><subfield code='u'>http://arks.princeton.edu/ark:/88435/dcxg94j1575</subfield></datafield><datafield ind1=' ' ind2='1' tag='264'><subfield code='a'>Warszawa :</subfield><subfield code='b'>Instytut Historii PAN,</subfield><subfield code='c'>2023.</subfield></datafield><datafield ind1=' ' ind2=' ' tag='300'><subfield code='a'>342 pages, 58 pages of plates :</subfield><subfield code='b'>illustrations, portraits, plans, facsimiles ;</subfield><subfield code='c'>25 cm</subfield></datafield><datafield ind1=' ' ind2=' ' tag='336'><subfield code='a'>text</subfield><subfield code='b'>txt</subfield><subfield code='2'>rdacontent</subfield></datafield><datafield ind1=' ' ind2=' ' tag='337'><subfield code='a'>unmediated</subfield><subfield code='b'>n</subfield><subfield code='2'>rdamedia</subfield></datafield><datafield ind1=' ' ind2=' ' tag='338'><subfield code='a'>volume</subfield><subfield code='b'>nc</subfield><subfield code='2'>rdacarrier</subfield></datafield><datafield ind1=' ' ind2=' ' tag='340'><subfield code='p'>illustrations.</subfield><subfield code='0'>http://id.loc.gov/vocabulary/millus/ill</subfield></datafield><datafield ind1=' ' ind2=' ' tag='340'><subfield code='p'>maps.</subfield><subfield code='0'>http://id.loc.gov/vocabulary/millus/map</subfield></datafield><datafield ind1=' ' ind2=' ' tag='340'><subfield code='p'>plans.</subfield><subfield code='0'>http://id.loc.gov/vocabulary/millus/pln</subfield></datafield><datafield ind1=' ' ind2=' ' tag='340'><subfield code='p'>plates.</subfield><subfield code='0'>http://id.loc.gov/vocabulary/millus/plt</subfield></datafield><datafield ind1='1' ind2='0' tag='245'><subfield code='a'>Grupa ścigaczy Polskiej Marynarki Wojennej na wodach brytyjskich (1940-1945) /</subfield><subfield code='c'>Tadeusz Kondracki.</subfield></datafield><datafield ind1='1' ind2=' ' tag='246'><subfield code='i'>English summary title:</subfield><subfield code='a'>Group of the power boats of the Polish Navy in the British waters (1940-1945)</subfield></datafield><datafield ind1=' ' ind2=' ' tag='040'><subfield code='a'>STF</subfield><subfield code='b'>eng</subfield><subfield code='e'>rda</subfield><subfield code='c'>STF</subfield><subfield code='d'>OCLCO</subfield><subfield code='d'>IUL</subfield><subfield code='d'>OCLCL</subfield><subfield code='d'>OCLCO</subfield><subfield code='d'>DLC</subfield><subfield code='d'>NYP</subfield></datafield><datafield ind1='0' ind2=' ' tag='041'><subfield code='a'>pol</subfield><subfield code='b'>eng</subfield></datafield><datafield ind1=' ' ind2=' ' tag='042'><subfield code='a'>pcc</subfield></datafield><datafield ind1=' ' ind2=' ' tag='043'><subfield code='a'>e-pl---</subfield></datafield><datafield ind1=' ' ind2=' ' tag='049'><subfield code='a'>NYPP</subfield></datafield><datafield ind1=' ' ind2='4' tag='050'><subfield code='a'>V835.P7</subfield><subfield code='b'>K66 2023</subfield></datafield><datafield ind1=' ' ind2=' ' tag='901'><subfield code='a'>MARS</subfield></datafield><datafield ind1=' ' ind2='4' tag='908'><subfield code='a'>V835.P7</subfield><subfield code='b'>K66 2023</subfield></datafield><datafield ind1=' ' ind2=' ' tag='901'><subfield code='a'>esm</subfield><subfield code='b'>CATRL</subfield></datafield><datafield ind1=' ' ind2=' ' tag='910'><subfield code='a'>RL</subfield></datafield><datafield ind1='0' ind2='0' tag='907'><subfield code='a'>.b232317495</subfield></datafield><datafield ind1=' ' ind2=' ' tag='035'><subfield code='a'>(OCoLC)1423521810</subfield></datafield><datafield ind1='8' ind2=' ' tag='852'><subfield code='h'>ReCAP 26-8104</subfield><subfield code='0'>16448401</subfield><subfield code='b'>scsbnypl</subfield></datafield><datafield ind1=' ' ind2=' ' tag='876'><subfield code='0'>16448401</subfield><subfield code='a'>23210715</subfield><subfield code='j'>Available</subfield><subfield code='p'>33433139971794</subfield><subfield code='t'>1</subfield><subfield code='x'>Committed</subfield><subfield code='z'>NA</subfield><subfield code='l'>RECAP</subfield></datafield></record>