
<record><leader>00872aam a2200265 a 4500</leader><controlfield tag='001'>SCSB-11091690</controlfield><controlfield tag='005'>20020606093309.7</controlfield><controlfield tag='008'>920730s1991    at ab    b    000 0ceng  </controlfield><controlfield tag='009'>990025982880203941</controlfield><datafield ind1=' ' ind2=' ' tag='010'><subfield code='a'>^^^92193265^</subfield></datafield><datafield ind1=' ' ind2=' ' tag='020'><subfield code='a'>1875593004 :</subfield><subfield code='c'>$27.50</subfield></datafield><datafield ind1=' ' ind2=' ' tag='035'><subfield code='a'>(OCoLC)28114948</subfield><subfield code='z'>(OCoLC)25827614</subfield><subfield code='z'>(OCoLC)29014608</subfield></datafield><datafield ind1=' ' ind2=' ' tag='040'><subfield code='a'>DLC</subfield><subfield code='c'>DLC</subfield></datafield><datafield ind1=' ' ind2=' ' tag='043'><subfield code='a'>u-at---</subfield></datafield><datafield ind1='0' ind2='0' tag='050'><subfield code='a'>D792.A8</subfield><subfield code='b'>M33 1991</subfield></datafield><datafield ind1='0' ind2='0' tag='082'><subfield code='a'>940.54/4994</subfield><subfield code='2'>20</subfield></datafield><datafield ind1='1' ind2=' ' tag='100'><subfield code='a'>McAulay, Lex,</subfield><subfield code='d'>1940-</subfield></datafield><datafield ind1='1' ind2='0' tag='245'><subfield code='a'>Six aces :</subfield><subfield code='b'>Australian fighter pilots, 1939-45 /</subfield><subfield code='c'>Lex McAulay.</subfield></datafield><datafield ind1=' ' ind2=' ' tag='260'><subfield code='a'>Brunswick, Melbourne, Vic. :</subfield><subfield code='b'>Banner Books,</subfield><subfield code='c'>1991.</subfield></datafield><datafield ind1=' ' ind2=' ' tag='300'><subfield code='a'>342 p. :</subfield><subfield code='b'>ill., maps ;</subfield><subfield code='c'>22 cm.</subfield></datafield><datafield ind1=' ' ind2=' ' tag='504'><subfield code='a'>Includes bibliographical references (p. 341-342).</subfield></datafield><datafield ind1='0' ind2=' ' tag='505'><subfield code='t'>That brand of courage -- Blitzkrieg Hurricane</subfield><subfield code='r'>Flg Offr Leslie R. Clisby DFC --</subfield><subfield code='t'>Bader&apos;s bus company -- Fighter sweep Spitfire</subfield><subfield code='r'>Sqn Ldr Tony Gaze DFC --</subfield><subfield code='t'>The thin red line -- Burma Hurricane</subfield><subfield code='r'>Sqn Ldr W.J. &apos;Jack&apos; Storey DFC MID --</subfield><subfield code='t'>Never appear on my CO&apos;s parades -- Mediterranean Beaufighter</subfield><subfield code='r'>Flt Lt Mervyn Shipard DFC --</subfield><subfield code='t'>Take that off my tax! -- Arafura Beaufighter</subfield><subfield code='r'>Sqn Ldr Reginald Gordon DFC --</subfield><subfield code='t'>We never met his equal -- Intruder Mosquito</subfield><subfield code='r'>Sqn Ldr Charles Scherf DSO DFC --</subfield><subfield code='t'>Pulled up to clear the mast -- Tasmanian Whirlwind</subfield><subfield code='r'>Plt Offr Max Cotton DFC.</subfield></datafield><datafield ind1='1' ind2='0' tag='610'><subfield code='a'>Australia.</subfield><subfield code='b'>Royal Australian Air Force</subfield><subfield code='v'>Biography.</subfield></datafield><datafield ind1=' ' ind2='0' tag='650'><subfield code='a'>World War, 1939-1945</subfield><subfield code='x'>Aerial operations, Australian</subfield></datafield><datafield ind1=' ' ind2='0' tag='650'><subfield code='a'>Fighter pilots</subfield><subfield code='z'>Australia</subfield><subfield code='v'>Biography.</subfield></datafield><datafield ind1=' ' ind2='7' tag='655'><subfield code='a'>Biographies</subfield><subfield code='2'>fast</subfield></datafield><datafield ind1=' ' ind2='7' tag='647'><subfield code='a'>World War</subfield><subfield code='d'>(1939-1945)</subfield><subfield code='2'>fast</subfield><subfield code='0'>(OCoLC)fst01180924</subfield></datafield><datafield ind1=' ' ind2='7' tag='648'><subfield code='a'>1939-1945</subfield><subfield code='2'>fast</subfield></datafield><datafield ind1='1' ind2=' ' tag='583'><subfield code='a'>committed to retain</subfield><subfield code='c'>20181001</subfield><subfield code='d'>in perpetuity</subfield><subfield code='f'>ReCAP Shared Collection</subfield><subfield code='5'>HUL</subfield><subfield code='8'>221851095980003941</subfield></datafield><datafield ind1='0' ind2=' ' tag='852'><subfield code='c'>HD</subfield><subfield code='h'>D792.A8</subfield><subfield code='i'>M33 1991</subfield><subfield code='0'>11890299</subfield><subfield code='b'>scsbhl</subfield></datafield><datafield ind1=' ' ind2=' ' tag='876'><subfield code='0'>11890299</subfield><subfield code='a'>17646604</subfield><subfield code='h'> </subfield><subfield code='j'>Available</subfield><subfield code='k'>WID</subfield><subfield code='p'>HWKTY7</subfield><subfield code='x'>Shared</subfield><subfield code='z'>HW</subfield><subfield code='l'>HD</subfield></datafield></record>