
<record><leader>00311nam a22001215  4500</leader><controlfield tag='001'>SCSB-12984143</controlfield><controlfield tag='005'>20020606163548.3</controlfield><controlfield tag='008'>880629s1917    |||||||      |||||||eng d</controlfield><controlfield tag='009'>990067927370203941</controlfield><datafield ind1=' ' ind2=' ' tag='035'><subfield code='a'>(MH)006792737HVD01-Aleph</subfield></datafield><datafield ind1=' ' ind2=' ' tag='035'><subfield code='a'>(OCoLC)235942838</subfield></datafield><datafield ind1='1' ind2=' ' tag='110'><subfield code='a'>West Publishing Company.</subfield></datafield><datafield ind1='1' ind2='0' tag='245'><subfield code='a'>Rules for admission to the bar. 9th ed.</subfield></datafield><datafield ind1=' ' ind2=' ' tag='260'><subfield code='a'>St. Paul,</subfield><subfield code='c'>1917.</subfield></datafield><datafield ind1='1' ind2=' ' tag='583'><subfield code='a'>committed to retain</subfield><subfield code='c'>20181001</subfield><subfield code='d'>in perpetuity</subfield><subfield code='f'>ReCAP Shared Collection</subfield><subfield code='5'>HUL</subfield><subfield code='8'>222286036980003941</subfield></datafield><datafield ind1='7' ind2=' ' tag='852'><subfield code='2'>ZHCL</subfield><subfield code='c'>RD</subfield><subfield code='h'> Gov 7965.120.9 </subfield><subfield code='8'>222286036980003941</subfield><subfield code='0'>13839633</subfield><subfield code='b'>scsbhl</subfield></datafield><datafield ind1=' ' ind2=' ' tag='876'><subfield code='0'>13839633</subfield><subfield code='a'>19752053</subfield><subfield code='j'>Available</subfield><subfield code='k'>WID</subfield><subfield code='p'>HN8HRM</subfield><subfield code='x'>Shared</subfield><subfield code='z'>HV</subfield><subfield code='l'>RECAP</subfield></datafield></record>