
<record><leader>00834pam a2200265 a 4500</leader><controlfield tag='001'>SCSB-11497342</controlfield><controlfield tag='005'>20020606104010.5</controlfield><controlfield tag='008'>971003s1998    nyu      b    000 0 eng  </controlfield><controlfield tag='009'>990079453800203941</controlfield><datafield ind1=' ' ind2=' ' tag='010'><subfield code='a'>^^^97036420^</subfield></datafield><datafield ind1=' ' ind2=' ' tag='020'><subfield code='a'>0312181973</subfield></datafield><datafield ind1=' ' ind2=' ' tag='035'><subfield code='a'>(OCoLC)37792447</subfield></datafield><datafield ind1=' ' ind2=' ' tag='040'><subfield code='a'>DLC</subfield><subfield code='c'>DLC</subfield><subfield code='d'>DLC</subfield></datafield><datafield ind1='0' ind2='0' tag='050'><subfield code='a'>BM707</subfield><subfield code='b'>.D38 1998</subfield></datafield><datafield ind1=' ' ind2='4' tag='060'><subfield code='a'>000131450</subfield></datafield><datafield ind1='0' ind2='0' tag='082'><subfield code='a'>296.4/424</subfield><subfield code='2'>21</subfield></datafield><datafield ind1='1' ind2=' ' tag='100'><subfield code='a'>Davis, Judith,</subfield><subfield code='c'>Ed. D.</subfield></datafield><datafield ind1='0' ind2='0' tag='245'><subfield code='a'>Whose bar/bat mitzvah is this anyway? :</subfield><subfield code='b'>a guide for parents through a family rite of passage /</subfield><subfield code='c'>Judith Davis.</subfield></datafield><datafield ind1=' ' ind2=' ' tag='250'><subfield code='a'>1st St. Martin&apos;s Griffin ed.</subfield></datafield><datafield ind1=' ' ind2=' ' tag='260'><subfield code='a'>New York :</subfield><subfield code='b'>St. Martin&apos;s Griffin,</subfield><subfield code='c'>1998.</subfield></datafield><datafield ind1=' ' ind2=' ' tag='300'><subfield code='a'>xx, 283 p. ;</subfield><subfield code='c'>21 cm.</subfield></datafield><datafield ind1=' ' ind2=' ' tag='504'><subfield code='a'>Includes bibliographical references (p. [282]-283).</subfield></datafield><datafield ind1=' ' ind2=' ' tag='520'><subfield code='a'>Meaning of the Bar/Bat mitzvah in the lives of contemporary American Jewish families. In this wise and witty book, the first to focus on the psychological and developmental issues of the Bar/Bat mitzvah year, Dr. Davis shows you exactly what you can to create magic and meaning for the whole family.</subfield></datafield><datafield ind1=' ' ind2='0' tag='650'><subfield code='a'>Bar mitzvah</subfield></datafield><datafield ind1=' ' ind2='0' tag='650'><subfield code='a'>Bat mitzvah</subfield></datafield><datafield ind1=' ' ind2='0' tag='650'><subfield code='a'>Jewish families</subfield><subfield code='x'>Religious life.</subfield></datafield><datafield ind1='1' ind2=' ' tag='583'><subfield code='a'>committed to retain</subfield><subfield code='c'>20181001</subfield><subfield code='d'>in perpetuity</subfield><subfield code='f'>ReCAP Shared Collection</subfield><subfield code='5'>HUL</subfield><subfield code='8'>222036728500003941</subfield></datafield><datafield ind1='0' ind2=' ' tag='852'><subfield code='c'>HD</subfield><subfield code='h'>BM707</subfield><subfield code='i'>.D38 1998</subfield><subfield code='0'>12307870</subfield><subfield code='b'>scsbhl</subfield></datafield><datafield ind1=' ' ind2=' ' tag='876'><subfield code='0'>12307870</subfield><subfield code='a'>18079601</subfield><subfield code='h'> </subfield><subfield code='j'>Available</subfield><subfield code='k'>WID</subfield><subfield code='p'>HNIUKQ</subfield><subfield code='x'>Shared</subfield><subfield code='z'>HW</subfield><subfield code='l'>HD</subfield></datafield></record>