
<record><leader>00286nam a22001095  4500</leader><controlfield tag='001'>SCSB-13160549</controlfield><controlfield tag='005'>20020606163548.3</controlfield><controlfield tag='008'>880629s1909    |||||||      |||||||eng d</controlfield><controlfield tag='009'>990067927360203941</controlfield><datafield ind1=' ' ind2=' ' tag='035'><subfield code='a'>(OCoLC)237646998</subfield></datafield><datafield ind1='0' ind2='0' tag='245'><subfield code='a'>Rules for admission to the bar...United States. 5th ed.</subfield></datafield><datafield ind1=' ' ind2=' ' tag='260'><subfield code='a'>St. Paul,</subfield><subfield code='c'>1909.</subfield></datafield><datafield ind1='1' ind2=' ' tag='583'><subfield code='a'>committed to retain</subfield><subfield code='c'>20181001</subfield><subfield code='d'>in perpetuity</subfield><subfield code='f'>ReCAP Shared Collection</subfield><subfield code='5'>HUL</subfield><subfield code='8'>222286037180003941</subfield></datafield><datafield ind1='7' ind2=' ' tag='852'><subfield code='2'>ZHCL</subfield><subfield code='c'>RD</subfield><subfield code='h'> Gov 7965.120.5 </subfield><subfield code='8'>222286037180003941</subfield><subfield code='0'>14025138</subfield><subfield code='b'>scsbhl</subfield></datafield><datafield ind1=' ' ind2=' ' tag='876'><subfield code='0'>14025138</subfield><subfield code='a'>20169850</subfield><subfield code='j'>Available</subfield><subfield code='k'>WID</subfield><subfield code='p'>HN8HT6</subfield><subfield code='x'>Shared</subfield><subfield code='z'>HV</subfield><subfield code='l'>RECAP</subfield></datafield></record>