
<record><leader>00968cam a2200253   4500</leader><controlfield tag='001'>SCSB-6552737</controlfield><controlfield tag='005'>20000629172744.0</controlfield><controlfield tag='008'>780425s1969    pau           00| 0ceng|d</controlfield><controlfield tag='009'>.b104808305</controlfield><datafield ind1=' ' ind2=' ' tag='040'><subfield code='a'>NN</subfield><subfield code='c'>NN</subfield><subfield code='d'>WaOLN</subfield></datafield><datafield ind1='1' ind2=' ' tag='100'><subfield code='a'>Solomon, Albert Joseph,</subfield><subfield code='d'>1940-</subfield></datafield><datafield ind1='1' ind2='0' tag='245'><subfield code='a'>James Joyce and George Moore: a study of a literary relationship.</subfield></datafield><datafield ind1=' ' ind2=' ' tag='260'><subfield code='a'>[University Park, Pa.]</subfield><subfield code='c'>1969.</subfield></datafield><datafield ind1=' ' ind2=' ' tag='300'><subfield code='a'>ii, 168 l.</subfield></datafield><datafield ind1=' ' ind2=' ' tag='533'><subfield code='a'>Microfilm.</subfield><subfield code='b'>Ann Arbor, Mich.:</subfield><subfield code='c'>University Microfilms,</subfield><subfield code='d'>[19--].</subfield><subfield code='e'>1 microfilm reels ; 35 mm.</subfield></datafield><datafield ind1=' ' ind2=' ' tag='502'><subfield code='a'>Thesis--Pennsylvania State University.</subfield></datafield><datafield ind1=' ' ind2=' ' tag='504'><subfield code='a'>Bibliography: leaves 164-168.</subfield></datafield><datafield ind1='1' ind2='0' tag='600'><subfield code='a'>Joyce, James,</subfield><subfield code='d'>1882-1941</subfield><subfield code='x'>Friends and associates.</subfield></datafield><datafield ind1='1' ind2='0' tag='600'><subfield code='a'>Moore, George,</subfield><subfield code='d'>1852-1933</subfield><subfield code='x'>Friends and associates.</subfield></datafield><datafield ind1=' ' ind2=' ' tag='907'><subfield code='a'>.b104808305</subfield><subfield code='c'>m</subfield><subfield code='d'>h</subfield><subfield code='e'>-</subfield><subfield code='f'>eng</subfield><subfield code='g'>pau</subfield><subfield code='h'>0</subfield><subfield code='i'>1</subfield></datafield><datafield ind1='8' ind2=' ' tag='852'><subfield code='h'>*Z-2776</subfield><subfield code='0'>6627510</subfield><subfield code='b'>scsbnypl</subfield></datafield><datafield ind1=' ' ind2=' ' tag='876'><subfield code='0'>6627510</subfield><subfield code='a'>10695842</subfield><subfield code='h'>In Library Use</subfield><subfield code='j'>Available</subfield><subfield code='p'>33433107809976</subfield><subfield code='t'>1</subfield><subfield code='x'>Shared</subfield><subfield code='z'>NA</subfield><subfield code='l'>RECAP</subfield></datafield></record>