
<record><leader>01764cam a2200373 a 4500</leader><controlfield tag='001'>SCSB-2258094</controlfield><controlfield tag='003'>NNC</controlfield><controlfield tag='005'>20220518210545.0</controlfield><controlfield tag='008'>830627s1980    enka     bc   000 0deng d</controlfield><controlfield tag='009'>168552</controlfield><datafield ind1=' ' ind2=' ' tag='035'><subfield code='a'>(OCoLC)13465585</subfield></datafield><datafield ind1=' ' ind2=' ' tag='035'><subfield code='a'>(OCoLC)ocm13465585</subfield></datafield><datafield ind1=' ' ind2=' ' tag='035'><subfield code='a'>(CStRLIN)NYCG83-B43870</subfield></datafield><datafield ind1=' ' ind2=' ' tag='035'><subfield code='9'>AAT8813CU</subfield></datafield><datafield ind1=' ' ind2=' ' tag='035'><subfield code='a'>(NNC)168552</subfield></datafield><datafield ind1=' ' ind2=' ' tag='035'><subfield code='a'>168552</subfield></datafield><datafield ind1=' ' ind2=' ' tag='040'><subfield code='a'>OClMA</subfield><subfield code='c'>OClMA</subfield><subfield code='d'>RPB</subfield><subfield code='d'>NNC</subfield></datafield><datafield ind1='0' ind2='5' tag='245'><subfield code='a'>&apos;The Moore Family Pictures&apos; :</subfield><subfield code='b'>paintings, watercolours and drawings by Albert and Henry Moore, their brothers William, John Collingham and Edwin and their father William Moore Snr, at York City Art Gallery, August 2nd-31st 1980 and Julian Hartnoll&apos;s Gallery ... London, September 22nd - October 10th 1980.</subfield></datafield><datafield ind1=' ' ind2=' ' tag='260'><subfield code='a'>[London] :</subfield><subfield code='b'>[The Gallery],</subfield><subfield code='c'>1980.</subfield></datafield><datafield ind1=' ' ind2=' ' tag='300'><subfield code='a'>80 pages :</subfield><subfield code='b'>illustrations ;</subfield><subfield code='c'>18 cm</subfield></datafield><datafield ind1=' ' ind2=' ' tag='336'><subfield code='a'>text</subfield><subfield code='2'>rdacontent</subfield></datafield><datafield ind1=' ' ind2=' ' tag='337'><subfield code='a'>unmediated</subfield><subfield code='2'>rdamedia</subfield></datafield><datafield ind1=' ' ind2=' ' tag='338'><subfield code='a'>volume</subfield><subfield code='2'>rdacarrier</subfield></datafield><datafield ind1=' ' ind2=' ' tag='500'><subfield code='a'>Essays by Elizabeth Ruhlmann and Richard Green.</subfield></datafield><datafield ind1=' ' ind2=' ' tag='500'><subfield code='a'>Cover-illustration.</subfield></datafield><datafield ind1=' ' ind2=' ' tag='504'><subfield code='a'>Bibliography: p. 79.</subfield></datafield><datafield ind1=' ' ind2='0' tag='650'><subfield code='a'>Painting, English</subfield><subfield code='y'>19th century.</subfield><subfield code='0'>http://id.loc.gov/authorities/subjects/sh85096794</subfield></datafield><datafield ind1='1' ind2='0' tag='600'><subfield code='a'>Moore, Albert Joseph,</subfield><subfield code='d'>1841-1893.</subfield><subfield code='0'>http://id.loc.gov/authorities/names/nr93002544</subfield></datafield><datafield ind1='3' ind2='0' tag='600'><subfield code='a'>Moore family.</subfield><subfield code='0'>http://id.loc.gov/authorities/subjects/sh85087165</subfield></datafield><datafield ind1='1' ind2='0' tag='600'><subfield code='a'>Moore, Henry,</subfield><subfield code='d'>1831-1895.</subfield><subfield code='0'>http://id.loc.gov/authorities/names/nr96023533</subfield></datafield><datafield ind1='2' ind2=' ' tag='710'><subfield code='a'>York City Art Gallery.</subfield><subfield code='0'>http://id.loc.gov/authorities/names/n50053534</subfield></datafield><datafield ind1='2' ind2=' ' tag='710'><subfield code='a'>Julian Hartnoll&apos;s Gallery.</subfield><subfield code='0'>http://id.loc.gov/authorities/names/n87128293</subfield></datafield><datafield ind1='1' ind2=' ' tag='700'><subfield code='a'>Ruhlmann, Elizabeth.</subfield><subfield code='0'>http://id.loc.gov/authorities/names/n87128285</subfield></datafield><datafield ind1='1' ind2=' ' tag='700'><subfield code='a'>Green, Richard.</subfield><subfield code='0'>http://id.loc.gov/authorities/names/n85059112</subfield></datafield><datafield ind1='8' ind2='0' tag='852'><subfield code='h'>ND497 M78 M81</subfield><subfield code='0'>2227207</subfield><subfield code='b'>scsbcul</subfield></datafield><datafield ind1=' ' ind2=' ' tag='876'><subfield code='0'>2227207</subfield><subfield code='a'>3410672</subfield><subfield code='h'>In Library Use</subfield><subfield code='j'>Available</subfield><subfield code='p'>AR70893179</subfield><subfield code='t'>1</subfield><subfield code='x'>Shared</subfield><subfield code='z'>AR</subfield><subfield code='l'>RECAP</subfield></datafield></record>