
<record><leader>01005cam a2200265I  4500</leader><controlfield tag='001'>SCSB-12399038</controlfield><controlfield tag='005'>20020606163548.3</controlfield><controlfield tag='008'>740319s1884    xx            000 0 eng u</controlfield><controlfield tag='009'>990060750920203941</controlfield><datafield ind1=' ' ind2=' ' tag='010'><subfield code='a'>^^^06042751^</subfield></datafield><datafield ind1=' ' ind2=' ' tag='035'><subfield code='a'>(OCoLC)2088419</subfield><subfield code='z'>(OCoLC)1081059699</subfield></datafield><datafield ind1=' ' ind2=' ' tag='040'><subfield code='c'>RRR</subfield><subfield code='d'>HLS</subfield></datafield><datafield ind1=' ' ind2=' ' tag='043'><subfield code='a'>n-us-dc</subfield></datafield><datafield ind1='0' ind2=' ' tag='050'><subfield code='a'>F199</subfield><subfield code='b'>.M821</subfield></datafield><datafield ind1='0' ind2=' ' tag='050'><subfield code='a'>F199</subfield><subfield code='b'>.M82</subfield></datafield><datafield ind1='1' ind2=' ' tag='100'><subfield code='a'>Moore, Joseph West.</subfield></datafield><datafield ind1='1' ind2='0' tag='245'><subfield code='a'>Picturesque Washington :</subfield><subfield code='b'>pen and pencil sketches of its scenery, history, traditions, public and social life, with graphic descriptions of the Capitol and Congress, the White House, and the government departments ... /</subfield><subfield code='c'>By Joseph West Moore.</subfield></datafield><datafield ind1='1' ind2=' ' tag='246'><subfield code='i'>At head of title:</subfield><subfield code='a'>Souvenir of the American capital</subfield></datafield><datafield ind1=' ' ind2=' ' tag='260'><subfield code='a'>Providence :</subfield><subfield code='b'>J. A. &amp; R. A. Reid,</subfield><subfield code='c'>1884.</subfield></datafield><datafield ind1=' ' ind2=' ' tag='300'><subfield code='a'>308 p.</subfield><subfield code='b'>illus. (incl. map, plans)</subfield><subfield code='c'>25 x 19 cm.</subfield></datafield><datafield ind1=' ' ind2=' ' tag='500'><subfield code='a'>At head of title: A souvenir of the American capital.</subfield></datafield><datafield ind1='0' ind2=' ' tag='505'><subfield code='a'>The Washington of to-day -- Founding the national capital -- Growth of Washington since 1870 -- The Capitol -- Interior of the Capitol -- The Congress of the United States -- Congress continued -- The White House -- The White House continued -- The Department of State -- The Treasury Department -- War and Navy departments -- The Post-Office department -- Department of the Interior -- Department of Justice -- Sketches of city life -- City institutions -- The environs -- Mount Vernon -- Hints and suggestions to visitors to the national capital.</subfield></datafield><datafield ind1=' ' ind2='0' tag='651'><subfield code='a'>Washington (D.C.)</subfield></datafield><datafield ind1=' ' ind2='7' tag='655'><subfield code='a'>Photomechancial prints.</subfield><subfield code='2'>aat</subfield></datafield><datafield ind1=' ' ind2='7' tag='655'><subfield code='a'>Viewbooks</subfield><subfield code='z'>Washington (D.C.)</subfield><subfield code='y'>19th century.</subfield><subfield code='2'>rbgenr</subfield></datafield><datafield ind1='1' ind2=' ' tag='700'><subfield code='a'>Kilburn, Samuel Smith</subfield><subfield code='e'>illustrator,</subfield><subfield code='e'>engraver.</subfield></datafield><datafield ind1='1' ind2=' ' tag='700'><subfield code='a'>Myrick, Frank W.</subfield><subfield code='e'>illustrator.</subfield></datafield><datafield ind1='1' ind2=' ' tag='700'><subfield code='a'>Schell, Francis H.,</subfield><subfield code='d'>1834-1909</subfield><subfield code='e'>illustrator.</subfield></datafield><datafield ind1='1' ind2=' ' tag='700'><subfield code='a'>Hogan, Thomas</subfield><subfield code='e'>illustrator.</subfield></datafield><datafield ind1='1' ind2=' ' tag='700'><subfield code='a'>Shute, A. B.</subfield><subfield code='e'>illustrator.</subfield></datafield><datafield ind1='1' ind2=' ' tag='700'><subfield code='a'>Sayer, Reimunt</subfield><subfield code='e'>illustrator.</subfield></datafield><datafield ind1='1' ind2=' ' tag='700'><subfield code='a'>Warren, Asa Coolidge,</subfield><subfield code='d'>1819-1904</subfield><subfield code='e'>illustrator.</subfield></datafield><datafield ind1='1' ind2=' ' tag='700'><subfield code='a'>Bodwell, Albert L.,</subfield><subfield code='d'>1854 or 1855-</subfield><subfield code='e'>illustrator.</subfield></datafield><datafield ind1='2' ind2=' ' tag='710'><subfield code='a'>J.A. &amp; R.A. Reid (Firm)</subfield><subfield code='e'>publisher.</subfield></datafield><datafield ind1='0' ind2='8' tag='776'><subfield code='i'>Online version:</subfield><subfield code='a'>Moore, Joseph West.</subfield><subfield code='t'>Picturesque Washington.</subfield><subfield code='d'>Providence, J.A. &amp; R.A. Reid, 1884</subfield><subfield code='w'>(OCoLC)646874372</subfield></datafield><datafield ind1='1' ind2=' ' tag='583'><subfield code='a'>committed to retain</subfield><subfield code='c'>20181001</subfield><subfield code='d'>in perpetuity</subfield><subfield code='f'>ReCAP Shared Collection</subfield><subfield code='5'>HUL</subfield><subfield code='8'>221970244330003941</subfield></datafield><datafield ind1=' ' ind2=' ' tag='901'><subfield code='a'>cfeef2f3-dada-41eb-be7a-17c14b2a5f97</subfield><subfield code='b'>13</subfield><subfield code='c'>false</subfield></datafield><datafield ind1='7' ind2=' ' tag='852'><subfield code='2'>ZHCL</subfield><subfield code='c'>HD</subfield><subfield code='h'>KG 456</subfield><subfield code='0'>13235755</subfield><subfield code='b'>scsbhl</subfield></datafield><datafield ind1=' ' ind2=' ' tag='876'><subfield code='0'>13235755</subfield><subfield code='a'>19043496</subfield><subfield code='h'> </subfield><subfield code='j'>Available</subfield><subfield code='k'>WID</subfield><subfield code='p'>HN6MVG</subfield><subfield code='x'>Shared</subfield><subfield code='z'>HW</subfield><subfield code='l'>HD</subfield></datafield></record>