
<record><leader>01051cam a2200277Ii 4500</leader><controlfield tag='001'>SCSB-11315511</controlfield><controlfield tag='005'>20020606163548.3</controlfield><controlfield tag='008'>770713s1901    pauabc        001 0ceng d</controlfield><controlfield tag='009'>990059804080203941</controlfield><datafield ind1=' ' ind2=' ' tag='035'><subfield code='a'>(OCoLC)3111379</subfield><subfield code='z'>(OCoLC)9145522</subfield></datafield><datafield ind1=' ' ind2=' ' tag='040'><subfield code='a'>REC</subfield><subfield code='c'>REC</subfield><subfield code='d'>HLS</subfield></datafield><datafield ind1=' ' ind2=' ' tag='043'><subfield code='a'>n-us-pa</subfield></datafield><datafield ind1=' ' ind2='4' tag='050'><subfield code='a'>F159.B9</subfield><subfield code='b'>M3 1901</subfield></datafield><datafield ind1=' ' ind2=' ' tag='090'><subfield code='a'>F159.B9</subfield><subfield code='b'>M3 1901</subfield></datafield><datafield ind1='1' ind2=' ' tag='100'><subfield code='a'>Martindale, Joseph C.</subfield></datafield><datafield ind1='1' ind2='2' tag='245'><subfield code='a'>A history of the townships of Byberry and Moreland, in Philadelphia, Pa. :</subfield><subfield code='b'>from their earliest settlements by the whites to the present time /</subfield><subfield code='c'>by Joseph C. Martindale.</subfield></datafield><datafield ind1=' ' ind2=' ' tag='250'><subfield code='a'>New and rev. ed. / edited by Albert W. Dudley.</subfield></datafield><datafield ind1=' ' ind2=' ' tag='260'><subfield code='a'>Philadelphia :</subfield><subfield code='b'>G. W. Jacobs &amp; Co.,</subfield><subfield code='c'>1901.</subfield></datafield><datafield ind1=' ' ind2=' ' tag='300'><subfield code='a'>416 p., [12] leaves of plates :</subfield><subfield code='b'>ill., maps, ports. ;</subfield><subfield code='c'>21 cm.</subfield></datafield><datafield ind1=' ' ind2=' ' tag='500'><subfield code='a'>Includes index.</subfield></datafield><datafield ind1='0' ind2=' ' tag='505'><subfield code='a'>From the earliest settlements to the close of the Revolution -- The Free Society of Traders, Nicholas Moore and Moreland -- Churches -- Preachers of Byberry Meeting -- Schools -- Assessments -- Events relating to the War of 1812 -- Agriculture -- Roads -- Post-Offices -- Overseers of the poor -- Byberry Library -- Burial places -- Philosophical Society -- Adelphian Society -- Distinguished citizens -- Authors -- Diseases -- Mills -- New county -- Remarkable occurrences -- Large trees -- Big woman -- Births and deaths -- Notes from old manuscripts -- Miscellaneous -- Topography, geology, etc. -- Villages -- Biographical sketches -- Bolton family -- Carver family -- Comly family -- Duffield family -- Gilbert family -- Knight family -- Martindale family -- Saurman family -- Townsend family -- Thornton family -- Walmsley family -- Walton family -- Worthington family -- Tomlinson family -- Shearer family -- Conclusion -- Index.</subfield></datafield><datafield ind1=' ' ind2='0' tag='651'><subfield code='a'>Byberry Township (Pa.)</subfield><subfield code='x'>History.</subfield></datafield><datafield ind1=' ' ind2='0' tag='651'><subfield code='a'>Byberry Township (Pa.)</subfield><subfield code='x'>Genealogy.</subfield></datafield><datafield ind1=' ' ind2='0' tag='651'><subfield code='a'>Moreland (Pa. : Township)</subfield><subfield code='x'>History.</subfield></datafield><datafield ind1=' ' ind2='0' tag='651'><subfield code='a'>Moreland (Pa. : Township)</subfield><subfield code='x'>Genealogy.</subfield></datafield><datafield ind1=' ' ind2='7' tag='655'><subfield code='a'>Genealogy</subfield><subfield code='2'>fast</subfield><subfield code='0'>(OCoLC)fst01423818</subfield></datafield><datafield ind1=' ' ind2='7' tag='655'><subfield code='a'>History</subfield><subfield code='2'>fast</subfield><subfield code='0'>(OCoLC)fst01411628</subfield></datafield><datafield ind1='1' ind2=' ' tag='700'><subfield code='a'>Dudley, Albert W.</subfield></datafield><datafield ind1='0' ind2='8' tag='776'><subfield code='i'>Online version:</subfield><subfield code='a'>Martindale, Joseph C.</subfield><subfield code='t'>History of the townships of Byberry and Moreland, in Philadelphia, Pa.</subfield><subfield code='b'>New and rev. ed. / edited by Albert W. Dudley.</subfield><subfield code='d'>Philadelphia : G.W. Jacobs &amp; Co., 1901</subfield><subfield code='w'>(OCoLC)692157746</subfield></datafield><datafield ind1='1' ind2=' ' tag='583'><subfield code='a'>committed to retain</subfield><subfield code='c'>20181001</subfield><subfield code='d'>in perpetuity</subfield><subfield code='f'>ReCAP Shared Collection</subfield><subfield code='5'>HUL</subfield><subfield code='8'>221974458100003941</subfield></datafield><datafield ind1='7' ind2=' ' tag='852'><subfield code='2'>ZHCL</subfield><subfield code='c'>HD</subfield><subfield code='h'>US 16828.5.30</subfield><subfield code='0'>12120875</subfield><subfield code='b'>scsbhl</subfield></datafield><datafield ind1=' ' ind2=' ' tag='876'><subfield code='0'>12120875</subfield><subfield code='a'>17885637</subfield><subfield code='h'> </subfield><subfield code='j'>Available</subfield><subfield code='k'>WID</subfield><subfield code='p'>HX2XUZ</subfield><subfield code='x'>Shared</subfield><subfield code='z'>HW</subfield><subfield code='l'>HD</subfield></datafield></record>