
<record><leader>01908cam a2200409Ia 4500</leader><controlfield tag='001'>SCSB-10014819</controlfield><controlfield tag='005'>20210423112709.0</controlfield><controlfield tag='008'>950208s1990    nyua     bc   000 0 eng d</controlfield><controlfield tag='009'>990120591900203941</controlfield><datafield ind1=' ' ind2=' ' tag='035'><subfield code='a'>(OCoLC)31952745</subfield><subfield code='z'>(OCoLC)838716493</subfield></datafield><datafield ind1=' ' ind2=' ' tag='040'><subfield code='a'>CRU</subfield><subfield code='c'>CRU</subfield><subfield code='d'>UIU</subfield><subfield code='d'>TOZ</subfield></datafield><datafield ind1=' ' ind2=' ' tag='043'><subfield code='a'>cl-----</subfield></datafield><datafield ind1=' ' ind2='4' tag='050'><subfield code='a'>N8640.S64</subfield><subfield code='b'>S65 1990, Nov. 19</subfield></datafield><datafield ind1='2' ind2=' ' tag='110'><subfield code='a'>Sotheby&apos;s (Firm)</subfield></datafield><datafield ind1='1' ind2='0' tag='245'><subfield code='a'>Pre-Columbian art :</subfield><subfield code='b'>auction, Monday, November 19, 1990.</subfield></datafield><datafield ind1=' ' ind2=' ' tag='260'><subfield code='a'>New York :</subfield><subfield code='b'>Sotheby&apos;s,</subfield><subfield code='c'>c1990.</subfield></datafield><datafield ind1=' ' ind2=' ' tag='300'><subfield code='a'>1 v. (unpaged) :</subfield><subfield code='b'>ill. (some col.) ;</subfield><subfield code='c'>27 cm.</subfield></datafield><datafield ind1='1' ind2=' ' tag='490'><subfield code='a'>Sale ;</subfield><subfield code='v'>6102</subfield></datafield><datafield ind1=' ' ind2=' ' tag='500'><subfield code='a'>&quot;Including property from the Manoogian Collection; Mrs. Matilda Graff, Detroit; Mrs. Jane Sidney, Los Angeles; Mr. George Sidney, Los Angeles; the estate of Dorothy Rowe; the estate of Ned L. Pines; the estate of Ronaldo de Juan.&quot;</subfield></datafield><datafield ind1=' ' ind2=' ' tag='500'><subfield code='a'>Experts in charge: Stacy Goodman, Fatma Turkkan-Wille (Consultant).</subfield></datafield><datafield ind1=' ' ind2=' ' tag='500'><subfield code='a'>Series title from spine.</subfield></datafield><datafield ind1=' ' ind2=' ' tag='500'><subfield code='a'>Includes estimated valuations of prices.</subfield></datafield><datafield ind1=' ' ind2=' ' tag='500'><subfield code='a'>&quot;Catalogue may be referred to as 6102 &apos;ZAZTÚN.&apos;&quot;</subfield></datafield><datafield ind1=' ' ind2=' ' tag='500'><subfield code='a'>Includes bibliographical references (p. [8-9]).</subfield></datafield><datafield ind1=' ' ind2=' ' tag='504'><subfield code='a'>Includes bibliographical references (pages 8-9).</subfield></datafield><datafield ind1=' ' ind2='0' tag='650'><subfield code='a'>Indian art</subfield><subfield code='z'>Central America</subfield><subfield code='v'>Catalogs.</subfield></datafield><datafield ind1=' ' ind2='0' tag='650'><subfield code='a'>Indian art</subfield><subfield code='z'>South America</subfield><subfield code='v'>Catalogs.</subfield></datafield><datafield ind1=' ' ind2='0' tag='650'><subfield code='a'>Indian art</subfield><subfield code='z'>Mexico</subfield><subfield code='v'>Catalogs.</subfield></datafield><datafield ind1=' ' ind2='0' tag='650'><subfield code='a'>Indian art</subfield><subfield code='x'>Private collections</subfield><subfield code='v'>Catalogs.</subfield></datafield><datafield ind1=' ' ind2='0' tag='650'><subfield code='a'>Indians of Central America</subfield><subfield code='x'>Antiquities</subfield><subfield code='x'>Private collections</subfield><subfield code='v'>Catalogs.</subfield></datafield><datafield ind1=' ' ind2='0' tag='650'><subfield code='a'>Indians of South America</subfield><subfield code='x'>Antiquities</subfield><subfield code='x'>Private collections</subfield><subfield code='v'>Catalogs.</subfield></datafield><datafield ind1=' ' ind2='0' tag='650'><subfield code='a'>Indians of Mexico</subfield><subfield code='x'>Antiquities</subfield><subfield code='x'>Private collections</subfield><subfield code='v'>Catalogs.</subfield></datafield><datafield ind1=' ' ind2='0' tag='650'><subfield code='a'>Maya art</subfield><subfield code='x'>Private collections</subfield><subfield code='v'>Catalogs.</subfield></datafield><datafield ind1='1' ind2='0' tag='600'><subfield code='a'>Manoogian, Richard A.</subfield><subfield code='q'>(Richard Alexander),</subfield><subfield code='d'>1936-</subfield><subfield code='x'>Art collections</subfield><subfield code='v'>Catalogs.</subfield></datafield><datafield ind1=' ' ind2='7' tag='655'><subfield code='a'>Catalogs</subfield><subfield code='2'>fast</subfield><subfield code='0'>(OCoLC)fst01423692</subfield></datafield><datafield ind1='1' ind2=' ' tag='700'><subfield code='a'>Goodman, Stacy.</subfield></datafield><datafield ind1='1' ind2=' ' tag='700'><subfield code='a'>Turkkan-Wille, Fatma.</subfield></datafield><datafield ind1='2' ind2=' ' tag='810'><subfield code='a'>Sotheby&apos;s (Firm).</subfield><subfield code='t'>Catalogue of sale (New York, N.Y.) ;</subfield><subfield code='v'>Sale 6102.</subfield></datafield><datafield ind1='1' ind2=' ' tag='583'><subfield code='a'>committed to retain</subfield><subfield code='c'>20181001</subfield><subfield code='d'>in perpetuity</subfield><subfield code='f'>ReCAP Shared Collection</subfield><subfield code='5'>HUL</subfield><subfield code='8'>222119954140003941</subfield></datafield><datafield ind1='0' ind2=' ' tag='852'><subfield code='c'>HDLC</subfield><subfield code='h'>E59.A7</subfield><subfield code='i'>S675 1990x</subfield><subfield code='0'>10760419</subfield><subfield code='b'>scsbhl</subfield></datafield><datafield ind1=' ' ind2=' ' tag='876'><subfield code='0'>10760419</subfield><subfield code='a'>16457730</subfield><subfield code='h'> </subfield><subfield code='j'>Available</subfield><subfield code='k'>TOZ</subfield><subfield code='p'>TZ21C1</subfield><subfield code='x'>Shared</subfield><subfield code='z'>TZ</subfield><subfield code='l'>HD</subfield></datafield></record>