
<record><leader>03217cam a2200625 a 4500</leader><controlfield tag='001'>SCSB-10120090</controlfield><controlfield tag='005'>20241018213017.0</controlfield><controlfield tag='008'>960312s1992    nyua     c    000 0 eng d</controlfield><controlfield tag='009'>990120586200203941</controlfield><datafield ind1=' ' ind2=' ' tag='035'><subfield code='a'>(OCoLC)34347092</subfield></datafield><datafield ind1=' ' ind2=' ' tag='040'><subfield code='a'>TNY</subfield><subfield code='b'>eng</subfield><subfield code='c'>TNY</subfield><subfield code='d'>OCLCQ</subfield><subfield code='d'>TOZ</subfield><subfield code='d'>OCLCQ</subfield><subfield code='d'>OCLCF</subfield><subfield code='d'>OCLCA</subfield><subfield code='d'>DDO</subfield><subfield code='d'>OCLCO</subfield><subfield code='d'>OCL</subfield><subfield code='d'>OCLCO</subfield><subfield code='d'>OCLCQ</subfield><subfield code='d'>OCLCL</subfield><subfield code='d'>OCLCO</subfield></datafield><datafield ind1=' ' ind2=' ' tag='043'><subfield code='a'>nc-----</subfield><subfield code='a'>n-mx---</subfield><subfield code='a'>s------</subfield></datafield><datafield ind1=' ' ind2='4' tag='050'><subfield code='a'>E59.A7</subfield><subfield code='b'>S69 1992</subfield></datafield><datafield ind1='2' ind2=' ' tag='110'><subfield code='a'>Sotheby&apos;s (Firm)</subfield></datafield><datafield ind1='1' ind2='0' tag='245'><subfield code='a'>Pre-Columbian art :</subfield><subfield code='b'>including property from the St. Louis University Art Collection : auction, Monday, November 23, 1992.</subfield></datafield><datafield ind1='3' ind2=' ' tag='246'><subfield code='a'>Precolumbian art</subfield></datafield><datafield ind1=' ' ind2=' ' tag='260'><subfield code='a'>New York :</subfield><subfield code='b'>Sotheby&apos;s,</subfield><subfield code='c'>[1992?]</subfield></datafield><datafield ind1=' ' ind2=' ' tag='300'><subfield code='a'>1 volume (unpaged) :</subfield><subfield code='b'>illustrations (some color) ;</subfield><subfield code='c'>27 cm</subfield></datafield><datafield ind1=' ' ind2=' ' tag='336'><subfield code='a'>text</subfield><subfield code='b'>txt</subfield><subfield code='2'>rdacontent</subfield></datafield><datafield ind1=' ' ind2=' ' tag='337'><subfield code='a'>unmediated</subfield><subfield code='b'>n</subfield><subfield code='2'>rdamedia</subfield></datafield><datafield ind1=' ' ind2=' ' tag='338'><subfield code='a'>volume</subfield><subfield code='b'>nc</subfield><subfield code='2'>rdacarrier</subfield></datafield><datafield ind1='1' ind2=' ' tag='490'><subfield code='a'>Sotheby&apos;s New York sale ;</subfield><subfield code='v'>6366, November 23, 1992</subfield></datafield><datafield ind1=' ' ind2=' ' tag='500'><subfield code='a'>Experts in charge: Stacy Goodman, Fatma Turkkan-Wille (Consultant).</subfield></datafield><datafield ind1=' ' ind2=' ' tag='500'><subfield code='a'>Series title from spine.</subfield></datafield><datafield ind1=' ' ind2=' ' tag='500'><subfield code='a'>&quot;In sending absentee bids this catalogue may be referred to as 6366 &apos;Yax-Ahau.&apos;&quot;</subfield></datafield><datafield ind1=' ' ind2='0' tag='650'><subfield code='a'>Indian art</subfield><subfield code='x'>Private collections</subfield><subfield code='v'>Catalogs.</subfield></datafield><datafield ind1=' ' ind2='0' tag='650'><subfield code='a'>Indian art</subfield><subfield code='x'>Private collections</subfield><subfield code='z'>Central America</subfield><subfield code='v'>Catalogs.</subfield></datafield><datafield ind1=' ' ind2='0' tag='650'><subfield code='a'>Indian art</subfield><subfield code='x'>Private collections</subfield><subfield code='z'>Mexico</subfield><subfield code='v'>Catalogs.</subfield></datafield><datafield ind1=' ' ind2='0' tag='650'><subfield code='a'>Indian art</subfield><subfield code='x'>Private collections</subfield><subfield code='z'>South America</subfield><subfield code='v'>Catalogs.</subfield></datafield><datafield ind1=' ' ind2='0' tag='650'><subfield code='a'>Maya art</subfield><subfield code='x'>Private collections</subfield><subfield code='v'>Catalogs.</subfield></datafield><datafield ind1=' ' ind2='0' tag='650'><subfield code='a'>Indians of Mexico</subfield><subfield code='x'>Antiquities</subfield><subfield code='x'>Private collections</subfield><subfield code='v'>Catalogs.</subfield></datafield><datafield ind1=' ' ind2='0' tag='650'><subfield code='a'>Indians of Central America</subfield><subfield code='x'>Antiquities</subfield><subfield code='x'>Private collections</subfield><subfield code='v'>Catalogs.</subfield></datafield><datafield ind1=' ' ind2='0' tag='650'><subfield code='a'>Indians of South America</subfield><subfield code='x'>Antiquities</subfield><subfield code='x'>Private collections</subfield><subfield code='v'>Catalogs.</subfield></datafield><datafield ind1=' ' ind2='6' tag='650'><subfield code='a'>Art maya</subfield><subfield code='x'>Collections privées</subfield><subfield code='v'>Catalogues.</subfield></datafield><datafield ind1=' ' ind2='6' tag='650'><subfield code='a'>Art précolombien</subfield><subfield code='x'>Collections privées</subfield><subfield code='v'>Catalogues.</subfield></datafield><datafield ind1=' ' ind2='6' tag='650'><subfield code='a'>Art précolombien</subfield><subfield code='x'>Collections privées</subfield><subfield code='z'>Amérique centrale</subfield><subfield code='v'>Catalogues.</subfield></datafield><datafield ind1=' ' ind2='6' tag='650'><subfield code='a'>Art précolombien</subfield><subfield code='x'>Collections privées</subfield><subfield code='z'>Mexique</subfield><subfield code='v'>Catalogues.</subfield></datafield><datafield ind1=' ' ind2='6' tag='650'><subfield code='a'>Art précolombien</subfield><subfield code='x'>Collections privées</subfield><subfield code='z'>Amérique du Sud</subfield><subfield code='v'>Catalogues.</subfield></datafield><datafield ind1=' ' ind2='6' tag='650'><subfield code='a'>Peuples autochtones</subfield><subfield code='x'>Antiquités</subfield><subfield code='x'>Collections privées</subfield><subfield code='z'>Mexique</subfield><subfield code='v'>Catalogues.</subfield></datafield><datafield ind1=' ' ind2='6' tag='650'><subfield code='a'>Peuples autochtones</subfield><subfield code='x'>Antiquités</subfield><subfield code='x'>Collections privées</subfield><subfield code='z'>Amérique du Sud</subfield><subfield code='v'>Catalogues.</subfield></datafield><datafield ind1=' ' ind2='7' tag='650'><subfield code='a'>Indians of South America</subfield><subfield code='x'>Antiquities</subfield><subfield code='x'>Private collections</subfield><subfield code='2'>fast</subfield></datafield><datafield ind1=' ' ind2='7' tag='650'><subfield code='a'>Indians of Central America</subfield><subfield code='x'>Antiquities</subfield><subfield code='x'>Private collections</subfield><subfield code='2'>fast</subfield></datafield><datafield ind1=' ' ind2='7' tag='650'><subfield code='a'>Art museums</subfield><subfield code='2'>fast</subfield></datafield><datafield ind1=' ' ind2='7' tag='650'><subfield code='a'>Indian art</subfield><subfield code='x'>Private collections</subfield><subfield code='2'>fast</subfield></datafield><datafield ind1=' ' ind2='7' tag='651'><subfield code='a'>South America</subfield><subfield code='2'>fast</subfield><subfield code='1'>https://id.oclc.org/worldcat/entity/E39PBJkXBJV9Hk6cKTTG6C3fbd</subfield></datafield><datafield ind1=' ' ind2='7' tag='651'><subfield code='a'>Central America</subfield><subfield code='2'>fast</subfield></datafield><datafield ind1=' ' ind2='7' tag='651'><subfield code='a'>Mexico</subfield><subfield code='2'>fast</subfield><subfield code='1'>https://id.oclc.org/worldcat/entity/E39QbtfRkxCrqQ3XXbCkdP63kc</subfield></datafield><datafield ind1='2' ind2='0' tag='610'><subfield code='a'>St. Louis University</subfield><subfield code='x'>Art collections</subfield><subfield code='v'>Catalogs.</subfield></datafield><datafield ind1='2' ind2='7' tag='610'><subfield code='a'>St. Louis University</subfield><subfield code='2'>fast</subfield><subfield code='1'>https://id.oclc.org/worldcat/entity/E39QH7JmmXJTx3cBgkRwD3w4Y6</subfield></datafield><datafield ind1=' ' ind2='7' tag='655'><subfield code='a'>Catalogs</subfield><subfield code='2'>fast</subfield></datafield><datafield ind1='1' ind2=' ' tag='700'><subfield code='a'>Goodman, Stacy.</subfield></datafield><datafield ind1='1' ind2=' ' tag='700'><subfield code='a'>Turkkan-Wille, Fatma.</subfield></datafield><datafield ind1='2' ind2=' ' tag='810'><subfield code='a'>Sotheby&apos;s (Firm).</subfield><subfield code='t'>Catalogue of sale (New York, N.Y.)</subfield><subfield code='v'>Sale 6366.</subfield></datafield><datafield ind1='1' ind2=' ' tag='583'><subfield code='a'>committed to retain</subfield><subfield code='c'>20181001</subfield><subfield code='d'>in perpetuity</subfield><subfield code='f'>ReCAP Shared Collection</subfield><subfield code='5'>HUL</subfield><subfield code='8'>222120055680003941</subfield></datafield><datafield ind1='0' ind2=' ' tag='852'><subfield code='c'>HDLC</subfield><subfield code='h'>E59.A7</subfield><subfield code='i'>S69 1992x</subfield><subfield code='m'>FOLIO</subfield><subfield code='0'>10873362</subfield><subfield code='b'>scsbhl</subfield></datafield><datafield ind1=' ' ind2=' ' tag='876'><subfield code='0'>10873362</subfield><subfield code='a'>16578677</subfield><subfield code='h'> </subfield><subfield code='j'>Available</subfield><subfield code='k'>TOZ</subfield><subfield code='p'>TZ1ZTY</subfield><subfield code='x'>Shared</subfield><subfield code='z'>TZ</subfield><subfield code='l'>HD</subfield></datafield></record>