
<record><leader>00000cam a2200361Ia 4500</leader><controlfield tag='001'>SCSB-9935898</controlfield><controlfield tag='005'>20111215130841.0</controlfield><controlfield tag='008'>941222s1988    nyua     bc   000 0 eng d</controlfield><controlfield tag='009'>990120587030203941</controlfield><datafield ind1=' ' ind2=' ' tag='035'><subfield code='a'>(OCoLC)31735181</subfield></datafield><datafield ind1=' ' ind2=' ' tag='040'><subfield code='a'>CRU</subfield><subfield code='c'>CRU</subfield><subfield code='d'>TOZ</subfield></datafield><datafield ind1=' ' ind2=' ' tag='043'><subfield code='a'>nc-----</subfield><subfield code='a'>n-mx---</subfield><subfield code='a'>s------</subfield></datafield><datafield ind1=' ' ind2='4' tag='050'><subfield code='a'>N8640.S64</subfield><subfield code='b'>S65 1988, Nov.21</subfield></datafield><datafield ind1=' ' ind2='4' tag='050'><subfield code='a'>E59.A7</subfield><subfield code='b'>S67 1988</subfield></datafield><datafield ind1='0' ind2='0' tag='245'><subfield code='a'>Pre-Columbian art :</subfield><subfield code='b'>including property from the Arthur N. Seiff collection, Part I, Nasli and Alice Heeramaneck collection, estate of Dr. Norman Simon and various owners : auction, Monday, November 21, 1988.</subfield></datafield><datafield ind1=' ' ind2=' ' tag='260'><subfield code='a'>New York, NY :</subfield><subfield code='b'>Sotheby&apos;s,</subfield><subfield code='c'>c1988.</subfield></datafield><datafield ind1=' ' ind2=' ' tag='300'><subfield code='a'>1 v. (unpaged) :</subfield><subfield code='b'>chiefly ill. (some col.) ;</subfield><subfield code='c'>27 cm.</subfield></datafield><datafield ind1='1' ind2=' ' tag='490'><subfield code='a'>[Catalogue of sale] ;</subfield><subfield code='v'>sale 5782</subfield></datafield><datafield ind1=' ' ind2=' ' tag='500'><subfield code='a'>Includes estimated valuations of prices.</subfield></datafield><datafield ind1=' ' ind2=' ' tag='500'><subfield code='a'>Includes bibliographical references (p.[8]).</subfield></datafield><datafield ind1=' ' ind2=' ' tag='500'><subfield code='a'>&quot;[Catalogue] may be referred to as 5782 &quot;XOC.&quot;</subfield></datafield><datafield ind1='2' ind2=' ' tag='505'><subfield code='a'>Lot 34. Large silver Chimu repoussé disk, ca . A.D. 1100-1400.</subfield></datafield><datafield ind1=' ' ind2=' ' tag='504'><subfield code='a'>Includes bibliographical references (page 8).</subfield></datafield><datafield ind1=' ' ind2='0' tag='650'><subfield code='a'>Indian art</subfield><subfield code='x'>Private collections</subfield><subfield code='v'>Catalogs.</subfield></datafield><datafield ind1=' ' ind2='0' tag='650'><subfield code='a'>Indian art</subfield><subfield code='z'>Mexico</subfield><subfield code='v'>Catalogs.</subfield></datafield><datafield ind1=' ' ind2='0' tag='650'><subfield code='a'>Indian art</subfield><subfield code='z'>Central America</subfield><subfield code='v'>Catalogs.</subfield></datafield><datafield ind1=' ' ind2='0' tag='650'><subfield code='a'>Indian art</subfield><subfield code='z'>South America</subfield><subfield code='v'>Catalogs.</subfield></datafield><datafield ind1=' ' ind2='0' tag='650'><subfield code='a'>Indians of Mexico</subfield><subfield code='x'>Antiquities</subfield><subfield code='x'>Private collections</subfield><subfield code='v'>Catalogs.</subfield></datafield><datafield ind1=' ' ind2='0' tag='650'><subfield code='a'>Indians of Central America</subfield><subfield code='x'>Antiquities</subfield><subfield code='x'>Private collections</subfield><subfield code='v'>Catalogs.</subfield></datafield><datafield ind1=' ' ind2='0' tag='650'><subfield code='a'>Indians of South America</subfield><subfield code='x'>Antiquities</subfield><subfield code='x'>Private collections</subfield><subfield code='v'>Catalogs.</subfield></datafield><datafield ind1=' ' ind2='7' tag='655'><subfield code='a'>Catalogs</subfield><subfield code='2'>fast</subfield><subfield code='0'>(OCoLC)fst01423692</subfield></datafield><datafield ind1='2' ind2=' ' tag='710'><subfield code='a'>Sotheby&apos;s (Firm)</subfield></datafield><datafield ind1='2' ind2=' ' tag='810'><subfield code='a'>Sotheby&apos;s (Firm).</subfield><subfield code='t'>Catalogue of sale (New York, N.Y.) ;</subfield><subfield code='v'>sale 5782.</subfield></datafield><datafield ind1='1' ind2=' ' tag='583'><subfield code='a'>committed to retain</subfield><subfield code='c'>20181001</subfield><subfield code='d'>in perpetuity</subfield><subfield code='f'>ReCAP Shared Collection</subfield><subfield code='5'>HUL</subfield><subfield code='8'>222119834480003941</subfield></datafield><datafield ind1='0' ind2=' ' tag='852'><subfield code='c'>HDLC</subfield><subfield code='h'>E59.A7</subfield><subfield code='i'>S68 1988x</subfield><subfield code='0'>10675797</subfield><subfield code='b'>scsbhl</subfield></datafield><datafield ind1=' ' ind2=' ' tag='876'><subfield code='0'>10675797</subfield><subfield code='a'>16365414</subfield><subfield code='h'> </subfield><subfield code='j'>Available</subfield><subfield code='k'>TOZ</subfield><subfield code='p'>TZ1ZZY</subfield><subfield code='x'>Shared</subfield><subfield code='z'>TZ</subfield><subfield code='l'>HD</subfield></datafield></record>