
<record><leader>03088cam a2200637 a 4500</leader><controlfield tag='001'>SCSB-10431406</controlfield><controlfield tag='005'>20250114213021.0</controlfield><controlfield tag='008'>740808s1972    nyua     bc   000 0 eng d</controlfield><controlfield tag='009'>990080203420203941</controlfield><datafield ind1='8' ind2=' ' tag='024'><subfield code='a'>3426</subfield></datafield><datafield ind1='0' ind2=' ' tag='033'><subfield code='a'>19721028</subfield></datafield><datafield ind1=' ' ind2=' ' tag='035'><subfield code='a'>(OCoLC)974411</subfield><subfield code='z'>(OCoLC)171476749</subfield><subfield code='z'>(OCoLC)1051602583</subfield></datafield><datafield ind1=' ' ind2=' ' tag='040'><subfield code='a'>PAU</subfield><subfield code='b'>eng</subfield><subfield code='c'>PAU</subfield><subfield code='d'>OCL</subfield><subfield code='d'>IQU</subfield><subfield code='d'>OCL</subfield><subfield code='d'>OCLCQ</subfield><subfield code='d'>OCLCF</subfield><subfield code='d'>OCLCO</subfield><subfield code='d'>OCLCQ</subfield><subfield code='d'>OKS</subfield><subfield code='d'>OCLCA</subfield><subfield code='d'>DDO</subfield><subfield code='d'>OCLCO</subfield><subfield code='d'>OCL</subfield><subfield code='d'>OCLCO</subfield><subfield code='d'>HFL</subfield><subfield code='d'>OCL</subfield><subfield code='d'>OCLCL</subfield><subfield code='d'>OCLCO</subfield></datafield><datafield ind1=' ' ind2=' ' tag='043'><subfield code='a'>n-mx---</subfield><subfield code='a'>nc-----</subfield><subfield code='a'>s------</subfield><subfield code='a'>n-us-ny</subfield></datafield><datafield ind1=' ' ind2='4' tag='050'><subfield code='a'>F1219.3.A7</subfield><subfield code='b'>S624 1972</subfield></datafield><datafield ind1='0' ind2='4' tag='082'><subfield code='a'>709.8</subfield><subfield code='b'>S717p, 1972</subfield></datafield><datafield ind1='2' ind2=' ' tag='110'><subfield code='a'>Sotheby Parke Bernet Inc.</subfield></datafield><datafield ind1='1' ind2='0' tag='245'><subfield code='a'>Pre-Columbian art :</subfield><subfield code='b'>including Mexico, Costa Rica, Colombia, Ecuador and Peru : from Arts of the Four Quarters, Ltd., Part II : public auction, Saturday, Oct. 28, 1972 /</subfield><subfield code='c'>Sotheby Parke Bernet Inc.</subfield></datafield><datafield ind1=' ' ind2=' ' tag='260'><subfield code='a'>New York :</subfield><subfield code='b'>Sotheby Parke Bernet Inc.,</subfield><subfield code='c'>©1972.</subfield></datafield><datafield ind1=' ' ind2=' ' tag='300'><subfield code='a'>1 volume (unpaged) :</subfield><subfield code='b'>(chiefly illustrations) ;</subfield><subfield code='c'>24 cm</subfield></datafield><datafield ind1=' ' ind2=' ' tag='336'><subfield code='a'>text</subfield><subfield code='b'>txt</subfield><subfield code='2'>rdacontent</subfield></datafield><datafield ind1=' ' ind2=' ' tag='337'><subfield code='a'>unmediated</subfield><subfield code='b'>n</subfield><subfield code='2'>rdamedia</subfield></datafield><datafield ind1=' ' ind2=' ' tag='338'><subfield code='a'>volume</subfield><subfield code='b'>nc</subfield><subfield code='2'>rdacarrier</subfield></datafield><datafield ind1=' ' ind2=' ' tag='504'><subfield code='a'>Includes bibliographical references.</subfield></datafield><datafield ind1=' ' ind2=' ' tag='500'><subfield code='a'>&quot;Sale no. 3426.&quot;</subfield></datafield><datafield ind1=' ' ind2='0' tag='650'><subfield code='a'>Indian art</subfield><subfield code='z'>Mexico</subfield><subfield code='v'>Catalogs.</subfield></datafield><datafield ind1=' ' ind2='0' tag='650'><subfield code='a'>Indian art</subfield><subfield code='z'>Central America</subfield><subfield code='v'>Catalogs.</subfield></datafield><datafield ind1=' ' ind2='0' tag='650'><subfield code='a'>Indian art</subfield><subfield code='z'>South America</subfield><subfield code='v'>Catalogs.</subfield></datafield><datafield ind1=' ' ind2='0' tag='650'><subfield code='a'>Art auctions</subfield><subfield code='z'>New York (State)</subfield><subfield code='z'>New York</subfield><subfield code='v'>Catalogs</subfield></datafield><datafield ind1=' ' ind2='0' tag='650'><subfield code='a'>Indians of Mexico</subfield><subfield code='x'>Antiquities</subfield><subfield code='v'>Catalogs</subfield></datafield><datafield ind1=' ' ind2='0' tag='650'><subfield code='a'>Indians of Central America</subfield><subfield code='x'>Antiquities</subfield><subfield code='v'>Catalogs.</subfield></datafield><datafield ind1=' ' ind2='0' tag='650'><subfield code='a'>Indians of South America</subfield><subfield code='x'>Antiquities</subfield><subfield code='v'>Catalogs.</subfield></datafield><datafield ind1=' ' ind2='6' tag='650'><subfield code='a'>Catalogues de vente</subfield><subfield code='z'>New York (État)</subfield><subfield code='z'>New York.</subfield></datafield><datafield ind1=' ' ind2='6' tag='650'><subfield code='a'>Peuples autochtones</subfield><subfield code='z'>Mexique</subfield><subfield code='x'>Antiquités</subfield><subfield code='v'>Catalogues.</subfield></datafield><datafield ind1=' ' ind2='6' tag='650'><subfield code='a'>Peuples autochtones</subfield><subfield code='z'>Amérique du Sud</subfield><subfield code='x'>Antiquités</subfield><subfield code='v'>Catalogues.</subfield></datafield><datafield ind1=' ' ind2='7' tag='650'><subfield code='a'>Indians of South America</subfield><subfield code='x'>Antiquities</subfield><subfield code='2'>fast</subfield></datafield><datafield ind1=' ' ind2='7' tag='650'><subfield code='a'>Indians of Mexico</subfield><subfield code='x'>Antiquities</subfield><subfield code='2'>fast</subfield></datafield><datafield ind1=' ' ind2='7' tag='650'><subfield code='a'>Indians of Central America</subfield><subfield code='x'>Antiquities</subfield><subfield code='2'>fast</subfield></datafield><datafield ind1=' ' ind2='7' tag='650'><subfield code='a'>Art auctions</subfield><subfield code='2'>fast</subfield></datafield><datafield ind1=' ' ind2='7' tag='650'><subfield code='a'>Indian art</subfield><subfield code='2'>fast</subfield></datafield><datafield ind1=' ' ind2='7' tag='651'><subfield code='a'>New York (State)</subfield><subfield code='z'>New York</subfield><subfield code='2'>fast</subfield><subfield code='1'>https://id.oclc.org/worldcat/entity/E39QbtfRvQh7864Jh4rDGBFDWc</subfield></datafield><datafield ind1=' ' ind2='7' tag='651'><subfield code='a'>Central America</subfield><subfield code='2'>fast</subfield></datafield><datafield ind1=' ' ind2='7' tag='651'><subfield code='a'>Mexico</subfield><subfield code='2'>fast</subfield><subfield code='1'>https://id.oclc.org/worldcat/entity/E39QbtfRkxCrqQ3XXbCkdP63kc</subfield></datafield><datafield ind1=' ' ind2='7' tag='651'><subfield code='a'>South America</subfield><subfield code='2'>fast</subfield><subfield code='1'>https://id.oclc.org/worldcat/entity/E39PBJkXBJV9Hk6cKTTG6C3fbd</subfield></datafield><datafield ind1=' ' ind2=' ' tag='653'><subfield code='a'>Arts of the Four Quarters, Ltd., Part II</subfield></datafield><datafield ind1=' ' ind2='7' tag='655'><subfield code='a'>auction catalogs.</subfield><subfield code='2'>aat</subfield></datafield><datafield ind1=' ' ind2='7' tag='655'><subfield code='a'>Auction catalogs</subfield><subfield code='2'>fast</subfield></datafield><datafield ind1=' ' ind2='7' tag='655'><subfield code='a'>Catalogs</subfield><subfield code='2'>fast</subfield></datafield><datafield ind1=' ' ind2='7' tag='655'><subfield code='a'>Auction catalogs</subfield><subfield code='2'>lcgft</subfield></datafield><datafield ind1=' ' ind2='7' tag='655'><subfield code='a'>Catalogues de vente aux enchères.</subfield><subfield code='2'>rvmgf</subfield></datafield><datafield ind1='2' ind2=' ' tag='710'><subfield code='a'>Arts of the Four Quarters, Ltd.</subfield><subfield code='1'>https://id.oclc.org/worldcat/entity/E39QH7Jmqx6DXxXtx4B8B6G7B6</subfield></datafield><datafield ind1='0' ind2='8' tag='776'><subfield code='i'>Online version:</subfield><subfield code='a'>Sotheby Parke Bernet Inc.</subfield><subfield code='t'>Pre-Columbian art.</subfield><subfield code='d'>New York : Sotheby Parke Bernet Inc., ©1972</subfield><subfield code='w'>(OCoLC)988772944</subfield></datafield><datafield ind1='2' ind2=' ' tag='810'><subfield code='a'>Sotheby Parke Bernet Inc.</subfield><subfield code='t'>Catalogue of sale (New York, N.Y.)</subfield><subfield code='v'>sale no. 3426.</subfield></datafield><datafield ind1='1' ind2=' ' tag='583'><subfield code='a'>committed to retain</subfield><subfield code='c'>20181001</subfield><subfield code='d'>in perpetuity</subfield><subfield code='f'>ReCAP Shared Collection</subfield><subfield code='5'>HUL</subfield><subfield code='8'>222046978640003941</subfield></datafield><datafield ind1='7' ind2=' ' tag='852'><subfield code='2'>ZTOZ</subfield><subfield code='c'>HD</subfield><subfield code='h'>SPAN.AM.</subfield><subfield code='i'>P 220 f (2)</subfield><subfield code='0'>11207692</subfield><subfield code='b'>scsbhl</subfield></datafield><datafield ind1=' ' ind2=' ' tag='876'><subfield code='0'>11207692</subfield><subfield code='a'>16933394</subfield><subfield code='h'> </subfield><subfield code='j'>Available</subfield><subfield code='k'>TOZ</subfield><subfield code='p'>TZ1U6R</subfield><subfield code='x'>Shared</subfield><subfield code='z'>TZ</subfield><subfield code='l'>HD</subfield></datafield></record>