
<record><leader>02945cam a2200589 a 4500</leader><controlfield tag='001'>SCSB-10120081</controlfield><controlfield tag='005'>20250919213016.0</controlfield><controlfield tag='008'>800702s1980    nyua     bc   000 0 eng c</controlfield><controlfield tag='009'>990120586900203941</controlfield><datafield ind1=' ' ind2=' ' tag='035'><subfield code='a'>(OCoLC)6477192</subfield><subfield code='z'>(OCoLC)13613064</subfield><subfield code='z'>(OCoLC)221303411</subfield><subfield code='z'>(OCoLC)321015998</subfield><subfield code='z'>(OCoLC)670039210</subfield><subfield code='z'>(OCoLC)858343973</subfield></datafield><datafield ind1=' ' ind2=' ' tag='040'><subfield code='a'>EWF</subfield><subfield code='b'>eng</subfield><subfield code='c'>EWF</subfield><subfield code='d'>OCLCQ</subfield><subfield code='d'>TOZ</subfield><subfield code='d'>OCLCF</subfield><subfield code='d'>OCLCQ</subfield><subfield code='d'>VT2</subfield><subfield code='d'>OCLCO</subfield><subfield code='d'>OCLCA</subfield><subfield code='d'>OCL</subfield><subfield code='d'>VA@</subfield><subfield code='d'>OCLCL</subfield><subfield code='d'>OCLCO</subfield></datafield><datafield ind1=' ' ind2=' ' tag='042'><subfield code='a'>pcc</subfield></datafield><datafield ind1=' ' ind2=' ' tag='043'><subfield code='a'>n-mx---</subfield><subfield code='a'>nc-----</subfield><subfield code='a'>s------</subfield><subfield code='a'>cl-----</subfield></datafield><datafield ind1=' ' ind2='4' tag='050'><subfield code='a'>N8650.A1</subfield><subfield code='b'>P36 no.4374</subfield></datafield><datafield ind1=' ' ind2='4' tag='050'><subfield code='a'>F1219.3.A7</subfield><subfield code='b'>S68 1980</subfield></datafield><datafield ind1='0' ind2='4' tag='082'><subfield code='a'>709.01</subfield><subfield code='1'>https://id.oclc.org/worldcat/ddc/E3TPyJvCQ66MtWWcMwJpmCKKjw</subfield></datafield><datafield ind1='2' ind2=' ' tag='110'><subfield code='a'>Sotheby Parke Bernet Inc.</subfield><subfield code='1'>https://id.oclc.org/worldcat/entity/E39QQPVp7Txbf6bWfFdxJ96jRg</subfield></datafield><datafield ind1='1' ind2='0' tag='245'><subfield code='a'>Fine pre-Columbian art :</subfield><subfield code='b'>property of various owners /</subfield><subfield code='c'>Sotheby Parke Bernet Inc.</subfield></datafield><datafield ind1=' ' ind2=' ' tag='260'><subfield code='a'>New York :</subfield><subfield code='b'>Sotheby Parke Bernet Inc.,</subfield><subfield code='c'>©1980.</subfield></datafield><datafield ind1=' ' ind2=' ' tag='300'><subfield code='a'>[107] pages :</subfield><subfield code='b'>illustrations (some color) ;</subfield><subfield code='c'>24 cm</subfield></datafield><datafield ind1=' ' ind2=' ' tag='336'><subfield code='a'>text</subfield><subfield code='b'>txt</subfield><subfield code='2'>rdacontent</subfield></datafield><datafield ind1=' ' ind2=' ' tag='337'><subfield code='a'>unmediated</subfield><subfield code='b'>n</subfield><subfield code='2'>rdamedia</subfield></datafield><datafield ind1=' ' ind2=' ' tag='338'><subfield code='a'>volume</subfield><subfield code='b'>nc</subfield><subfield code='2'>rdacarrier</subfield></datafield><datafield ind1='1' ind2=' ' tag='490'><subfield code='a'>Sale ;</subfield><subfield code='v'>4374</subfield></datafield><datafield ind1=' ' ind2=' ' tag='504'><subfield code='a'>Includes bibliographical references (page 6).</subfield></datafield><datafield ind1=' ' ind2=' ' tag='500'><subfield code='a'>&quot;Exhibition, Saturday, May 3, 1980 ... Monday, May 5 ... Tuesday, Wednesday and Thursday, May 6, 7, and 8 ... Friday, May 9 ... Public auction, Saturday, May 10, 1980.&quot;</subfield></datafield><datafield ind1=' ' ind2=' ' tag='500'><subfield code='a'>Includes estimated valuation price list.</subfield></datafield><datafield ind1=' ' ind2=' ' tag='500'><subfield code='a'>&quot;Sales results&quot; (1 sheet) in pocket.</subfield></datafield><datafield ind1=' ' ind2='0' tag='650'><subfield code='a'>Indian art</subfield><subfield code='z'>Mexico</subfield><subfield code='v'>Catalogs.</subfield></datafield><datafield ind1=' ' ind2='0' tag='650'><subfield code='a'>Indian art</subfield><subfield code='z'>Central America</subfield><subfield code='v'>Catalogs.</subfield></datafield><datafield ind1=' ' ind2='0' tag='650'><subfield code='a'>Indian art</subfield><subfield code='z'>South America</subfield><subfield code='v'>Catalogs.</subfield></datafield><datafield ind1=' ' ind2='0' tag='650'><subfield code='a'>Indians of Mexico</subfield><subfield code='x'>Antiquities</subfield><subfield code='v'>Catalogs</subfield></datafield><datafield ind1=' ' ind2='0' tag='650'><subfield code='a'>Indians of Central America</subfield><subfield code='x'>Antiquities</subfield><subfield code='v'>Catalogs.</subfield></datafield><datafield ind1=' ' ind2='0' tag='650'><subfield code='a'>Indians of South America</subfield><subfield code='x'>Antiquities</subfield><subfield code='v'>Catalogs.</subfield></datafield><datafield ind1=' ' ind2='6' tag='650'><subfield code='a'>Peuples autochtones</subfield><subfield code='z'>Mexique</subfield><subfield code='x'>Antiquités</subfield><subfield code='v'>Catalogues.</subfield></datafield><datafield ind1=' ' ind2='6' tag='650'><subfield code='a'>Peuples autochtones</subfield><subfield code='z'>Amérique du Sud</subfield><subfield code='x'>Antiquités</subfield><subfield code='v'>Catalogues.</subfield></datafield><datafield ind1=' ' ind2='7' tag='650'><subfield code='a'>Antiquities</subfield><subfield code='2'>fast</subfield></datafield><datafield ind1=' ' ind2='7' tag='650'><subfield code='a'>Indian art</subfield><subfield code='2'>fast</subfield></datafield><datafield ind1=' ' ind2='7' tag='650'><subfield code='a'>Indians of Central America</subfield><subfield code='x'>Antiquities</subfield><subfield code='2'>fast</subfield></datafield><datafield ind1=' ' ind2='7' tag='650'><subfield code='a'>Indians of Mexico</subfield><subfield code='x'>Antiquities</subfield><subfield code='2'>fast</subfield></datafield><datafield ind1=' ' ind2='7' tag='650'><subfield code='a'>Indians of South America</subfield><subfield code='x'>Antiquities</subfield><subfield code='2'>fast</subfield></datafield><datafield ind1=' ' ind2='0' tag='651'><subfield code='a'>Latin America</subfield><subfield code='x'>Antiquities</subfield><subfield code='v'>Catalogs.</subfield></datafield><datafield ind1=' ' ind2='7' tag='651'><subfield code='a'>Central America</subfield><subfield code='2'>fast</subfield></datafield><datafield ind1=' ' ind2='7' tag='651'><subfield code='a'>Latin America</subfield><subfield code='2'>fast</subfield></datafield><datafield ind1=' ' ind2='7' tag='651'><subfield code='a'>Mexico</subfield><subfield code='2'>fast</subfield><subfield code='1'>https://id.oclc.org/worldcat/entity/E39QbtfRkxCrqQ3XXbCkdP63kc</subfield></datafield><datafield ind1=' ' ind2='7' tag='651'><subfield code='a'>South America</subfield><subfield code='2'>fast</subfield><subfield code='1'>https://id.oclc.org/worldcat/entity/E39PBJkXBJV9Hk6cKTTG6C3fbd</subfield></datafield><datafield ind1=' ' ind2='7' tag='655'><subfield code='a'>Catalogs</subfield><subfield code='2'>fast</subfield></datafield><datafield ind1='0' ind2='8' tag='776'><subfield code='i'>Online version:</subfield><subfield code='a'>Sotheby Parke Bernet New York.</subfield><subfield code='t'>Fine pre-Columbian art.</subfield><subfield code='d'>New York : Sotheby Parke Bernet Inc., 1980</subfield><subfield code='w'>(OCoLC)988916463</subfield></datafield><datafield ind1='2' ind2=' ' tag='810'><subfield code='a'>Sotheby Parke Bernet Inc.</subfield><subfield code='t'>Catalogue of sale (New York, N.Y.)</subfield><subfield code='v'>sale no. 4374.</subfield></datafield><datafield ind1='1' ind2=' ' tag='583'><subfield code='a'>committed to retain</subfield><subfield code='c'>20181001</subfield><subfield code='d'>in perpetuity</subfield><subfield code='f'>ReCAP Shared Collection</subfield><subfield code='5'>HUL</subfield><subfield code='8'>222120080450003941</subfield></datafield><datafield ind1='0' ind2=' ' tag='852'><subfield code='c'>HDLC</subfield><subfield code='h'>F1219.3.A7</subfield><subfield code='i'>S68 1980x</subfield><subfield code='0'>10873352</subfield><subfield code='b'>scsbhl</subfield></datafield><datafield ind1=' ' ind2=' ' tag='876'><subfield code='0'>10873352</subfield><subfield code='a'>16578668</subfield><subfield code='h'> </subfield><subfield code='j'>Available</subfield><subfield code='k'>TOZ</subfield><subfield code='p'>TZ1ZX5</subfield><subfield code='x'>Shared</subfield><subfield code='z'>TZ</subfield><subfield code='l'>HD</subfield></datafield></record>