
<record><leader>00775nam a2200229ua 4500</leader><controlfield tag='001'>SCSB-10351472</controlfield><controlfield tag='005'>20020606104010.5</controlfield><controlfield tag='008'>830506s1979    nyu           000 0 eng d</controlfield><controlfield tag='009'>990075381130203941</controlfield><datafield ind1=' ' ind2=' ' tag='035'><subfield code='a'>(OCoLC)9487898</subfield></datafield><datafield ind1=' ' ind2=' ' tag='040'><subfield code='a'>SAR</subfield><subfield code='c'>SAR</subfield><subfield code='d'>TOZ</subfield></datafield><datafield ind1=' ' ind2=' ' tag='043'><subfield code='a'>n-mx---</subfield><subfield code='a'>s------</subfield><subfield code='a'>nc-----</subfield></datafield><datafield ind1=' ' ind2='4' tag='050'><subfield code='a'>F1219.3.A7</subfield><subfield code='b'>S623 1979</subfield></datafield><datafield ind1=' ' ind2=' ' tag='090'><subfield code='a'>F1219.3.A7</subfield><subfield code='b'>S623 1979</subfield></datafield><datafield ind1='2' ind2=' ' tag='110'><subfield code='a'>Sotheby Parke Bernet Inc.</subfield></datafield><datafield ind1='1' ind2='0' tag='245'><subfield code='a'>Fine pre-Columbian art :</subfield><subfield code='b'>property of various owners : public auction... November 10, 1979 ...New York : [catalogue] /</subfield><subfield code='c'>Sotheby Parke Bernet.</subfield></datafield><datafield ind1=' ' ind2=' ' tag='260'><subfield code='a'>New York :</subfield><subfield code='b'>Sotheby Parke Bernet Inc.,</subfield><subfield code='c'>1979.</subfield></datafield><datafield ind1=' ' ind2=' ' tag='300'><subfield code='a'>[100] p. :</subfield><subfield code='b'>ill. ;</subfield><subfield code='c'>24 cm.</subfield></datafield><datafield ind1=' ' ind2=' ' tag='500'><subfield code='a'>Public auction sale, no.4306</subfield></datafield><datafield ind1=' ' ind2='0' tag='650'><subfield code='a'>Indian art</subfield><subfield code='z'>Mexico</subfield></datafield><datafield ind1=' ' ind2='0' tag='650'><subfield code='a'>Indian art</subfield><subfield code='z'>South America</subfield></datafield><datafield ind1=' ' ind2='0' tag='650'><subfield code='a'>Indian art</subfield><subfield code='z'>Central America</subfield></datafield><datafield ind1='1' ind2=' ' tag='583'><subfield code='a'>committed to retain</subfield><subfield code='c'>20181001</subfield><subfield code='d'>in perpetuity</subfield><subfield code='f'>ReCAP Shared Collection</subfield><subfield code='5'>HUL</subfield><subfield code='8'>222013476010003941</subfield></datafield><datafield ind1='7' ind2=' ' tag='852'><subfield code='2'>ZTOZ</subfield><subfield code='c'>HD</subfield><subfield code='h'>S.A.</subfield><subfield code='i'>So 77 f</subfield><subfield code='0'>11121777</subfield><subfield code='b'>scsbhl</subfield></datafield><datafield ind1=' ' ind2=' ' tag='876'><subfield code='0'>11121777</subfield><subfield code='a'>16842867</subfield><subfield code='h'> </subfield><subfield code='j'>Available</subfield><subfield code='k'>TOZ</subfield><subfield code='p'>TZ2ATQ</subfield><subfield code='x'>Shared</subfield><subfield code='z'>TZ</subfield><subfield code='l'>HD</subfield></datafield></record>