
<record><leader>02904cam a2200601 i 4500</leader><controlfield tag='001'>SCSB-10087668</controlfield><controlfield tag='005'>20241206213021.0</controlfield><controlfield tag='008'>801203s1980    nyua     c    000 0 eng d</controlfield><controlfield tag='009'>990047005100203941</controlfield><datafield ind1=' ' ind2=' ' tag='035'><subfield code='a'>(OCoLC)6994108</subfield></datafield><datafield ind1=' ' ind2=' ' tag='040'><subfield code='a'>EWF</subfield><subfield code='b'>eng</subfield><subfield code='c'>EWF</subfield><subfield code='d'>OCLCQ</subfield><subfield code='d'>IXA</subfield><subfield code='d'>OCLCQ</subfield><subfield code='d'>OCLCF</subfield><subfield code='d'>OCLCQ</subfield><subfield code='d'>OCLCO</subfield><subfield code='d'>TOZ</subfield><subfield code='d'>OCLCQ</subfield><subfield code='d'>DDO</subfield><subfield code='d'>OCLCO</subfield><subfield code='d'>OCL</subfield><subfield code='d'>OCLCO</subfield><subfield code='d'>OCLCL</subfield><subfield code='d'>OCLCO</subfield></datafield><datafield ind1=' ' ind2=' ' tag='043'><subfield code='a'>n-mx---</subfield><subfield code='a'>nc-----</subfield><subfield code='a'>s------</subfield><subfield code='a'>cl-----</subfield><subfield code='a'>n-us-ny</subfield></datafield><datafield ind1=' ' ind2='4' tag='050'><subfield code='a'>N8650.A1</subfield><subfield code='b'>P36 no.4457Y</subfield></datafield><datafield ind1='0' ind2='4' tag='082'><subfield code='a'>745.1</subfield></datafield><datafield ind1='2' ind2=' ' tag='110'><subfield code='a'>Sotheby Parke Bernet Inc.</subfield><subfield code='1'>https://id.oclc.org/worldcat/entity/E39QQPVp7Txbf6bWfFdxJ96jRg</subfield></datafield><datafield ind1='1' ind2='0' tag='245'><subfield code='a'>Fine pre-Columbian art :</subfield><subfield code='b'>property of various owners, including the estate of Nelson A. Rockefeller, Dr. H. T. Schwartz : exhibition ... Oct. 30-Nov. 4, 1980 ... : public auction, Nov. 5, 1980 /</subfield><subfield code='c'>Sotheby Parke Bernet Inc.</subfield></datafield><datafield ind1=' ' ind2=' ' tag='260'><subfield code='a'>New York :</subfield><subfield code='b'>Sotheby Parke Bernet Inc.,</subfield><subfield code='c'>1980.</subfield></datafield><datafield ind1=' ' ind2=' ' tag='300'><subfield code='a'>144 pages unnumbered pages :</subfield><subfield code='b'>illustrations (some color) ;</subfield><subfield code='c'>24 cm.</subfield></datafield><datafield ind1=' ' ind2=' ' tag='336'><subfield code='a'>text</subfield><subfield code='b'>txt</subfield><subfield code='2'>rdacontent</subfield></datafield><datafield ind1=' ' ind2=' ' tag='337'><subfield code='a'>unmediated</subfield><subfield code='b'>n</subfield><subfield code='2'>rdamedia</subfield></datafield><datafield ind1=' ' ind2=' ' tag='338'><subfield code='a'>volume</subfield><subfield code='b'>nc</subfield><subfield code='2'>rdacarrier</subfield></datafield><datafield ind1='1' ind2=' ' tag='490'><subfield code='a'>Its Public auction sale ;</subfield><subfield code='v'>no. 4457Y</subfield></datafield><datafield ind1=' ' ind2=' ' tag='500'><subfield code='a'>Includes estimated valuation price list and Sale results.</subfield></datafield><datafield ind1=' ' ind2='0' tag='650'><subfield code='a'>Indian art</subfield><subfield code='z'>Mexico</subfield><subfield code='v'>Catalogs.</subfield></datafield><datafield ind1=' ' ind2='0' tag='650'><subfield code='a'>Indian art</subfield><subfield code='z'>Central America</subfield><subfield code='v'>Catalogs.</subfield></datafield><datafield ind1=' ' ind2='0' tag='650'><subfield code='a'>Indian art</subfield><subfield code='z'>South America</subfield><subfield code='v'>Catalogs.</subfield></datafield><datafield ind1=' ' ind2='0' tag='650'><subfield code='a'>Indians of Mexico</subfield><subfield code='x'>Antiquities</subfield><subfield code='v'>Catalogs</subfield></datafield><datafield ind1=' ' ind2='0' tag='650'><subfield code='a'>Indians of Central America</subfield><subfield code='x'>Antiquities</subfield><subfield code='v'>Catalogs.</subfield></datafield><datafield ind1=' ' ind2='0' tag='650'><subfield code='a'>Indians of South America</subfield><subfield code='x'>Antiquities</subfield><subfield code='v'>Catalogs.</subfield></datafield><datafield ind1=' ' ind2='0' tag='650'><subfield code='a'>Art auctions</subfield><subfield code='z'>New York (State)</subfield><subfield code='z'>New York</subfield><subfield code='v'>Catalogs</subfield></datafield><datafield ind1=' ' ind2='6' tag='650'><subfield code='a'>Catalogues de vente</subfield><subfield code='z'>New York (État)</subfield><subfield code='z'>New York.</subfield></datafield><datafield ind1=' ' ind2='6' tag='650'><subfield code='a'>Peuples autochtones</subfield><subfield code='z'>Mexique</subfield><subfield code='x'>Antiquités</subfield><subfield code='v'>Catalogues.</subfield></datafield><datafield ind1=' ' ind2='6' tag='650'><subfield code='a'>Peuples autochtones</subfield><subfield code='z'>Amérique du Sud</subfield><subfield code='x'>Antiquités</subfield><subfield code='v'>Catalogues.</subfield></datafield><datafield ind1=' ' ind2='7' tag='650'><subfield code='a'>Indians of South America</subfield><subfield code='x'>Antiquities</subfield><subfield code='2'>fast</subfield></datafield><datafield ind1=' ' ind2='7' tag='650'><subfield code='a'>Indians of Mexico</subfield><subfield code='x'>Antiquities</subfield><subfield code='2'>fast</subfield></datafield><datafield ind1=' ' ind2='7' tag='650'><subfield code='a'>Indians of Central America</subfield><subfield code='x'>Antiquities</subfield><subfield code='2'>fast</subfield></datafield><datafield ind1=' ' ind2='7' tag='650'><subfield code='a'>Art auctions</subfield><subfield code='2'>fast</subfield></datafield><datafield ind1=' ' ind2='7' tag='650'><subfield code='a'>Antiquities</subfield><subfield code='2'>fast</subfield></datafield><datafield ind1=' ' ind2='7' tag='650'><subfield code='a'>Indian art</subfield><subfield code='2'>fast</subfield></datafield><datafield ind1=' ' ind2='0' tag='651'><subfield code='a'>Latin America</subfield><subfield code='x'>Antiquities</subfield><subfield code='v'>Catalogs.</subfield></datafield><datafield ind1=' ' ind2='7' tag='651'><subfield code='a'>South America</subfield><subfield code='2'>fast</subfield><subfield code='1'>https://id.oclc.org/worldcat/entity/E39PBJkXBJV9Hk6cKTTG6C3fbd</subfield></datafield><datafield ind1=' ' ind2='7' tag='651'><subfield code='a'>New York (State)</subfield><subfield code='z'>New York</subfield><subfield code='2'>fast</subfield><subfield code='1'>https://id.oclc.org/worldcat/entity/E39QbtfRvQh7864Jh4rDGBFDWc</subfield></datafield><datafield ind1=' ' ind2='7' tag='651'><subfield code='a'>Mexico</subfield><subfield code='2'>fast</subfield><subfield code='1'>https://id.oclc.org/worldcat/entity/E39QbtfRkxCrqQ3XXbCkdP63kc</subfield></datafield><datafield ind1=' ' ind2='7' tag='651'><subfield code='a'>Central America</subfield><subfield code='2'>fast</subfield></datafield><datafield ind1=' ' ind2='7' tag='651'><subfield code='a'>Latin America</subfield><subfield code='2'>fast</subfield></datafield><datafield ind1=' ' ind2='7' tag='655'><subfield code='a'>auction catalogs.</subfield><subfield code='2'>aat</subfield></datafield><datafield ind1=' ' ind2='7' tag='655'><subfield code='a'>Auction catalogs</subfield><subfield code='2'>fast</subfield></datafield><datafield ind1=' ' ind2='7' tag='655'><subfield code='a'>Catalogs</subfield><subfield code='2'>fast</subfield></datafield><datafield ind1=' ' ind2='7' tag='655'><subfield code='a'>Auction catalogs</subfield><subfield code='2'>lcgft</subfield></datafield><datafield ind1=' ' ind2='7' tag='655'><subfield code='a'>Catalogues de vente aux enchères.</subfield><subfield code='2'>rvmgf</subfield></datafield><datafield ind1='2' ind2=' ' tag='810'><subfield code='a'>Sotheby Parke Bernet Inc.</subfield><subfield code='t'>Catalogue of sale (New York, N.Y.)</subfield><subfield code='v'>sale no. 4457Y.</subfield></datafield><datafield ind1='1' ind2=' ' tag='583'><subfield code='a'>committed to retain</subfield><subfield code='c'>20181001</subfield><subfield code='d'>in perpetuity</subfield><subfield code='f'>ReCAP Shared Collection</subfield><subfield code='5'>HUL</subfield><subfield code='8'>221924976470003941</subfield></datafield><datafield ind1='7' ind2=' ' tag='852'><subfield code='2'>ZTOZ</subfield><subfield code='c'>HD</subfield><subfield code='h'>AM.TECH.</subfield><subfield code='i'>So 77 fpc</subfield><subfield code='0'>10838545</subfield><subfield code='b'>scsbhl</subfield></datafield><datafield ind1=' ' ind2=' ' tag='876'><subfield code='0'>10838545</subfield><subfield code='a'>16541626</subfield><subfield code='h'> </subfield><subfield code='j'>Available</subfield><subfield code='k'>TOZ</subfield><subfield code='p'>TZ2AHG</subfield><subfield code='x'>Shared</subfield><subfield code='z'>TZ</subfield><subfield code='l'>HD</subfield></datafield></record>