
<record><leader>01156nam a2200277Ma 4500</leader><controlfield tag='001'>SCSB-10096753</controlfield><controlfield tag='005'>20020606095253.2</controlfield><controlfield tag='008'>900514s1978    enka     bc   000 0 eng d</controlfield><controlfield tag='009'>990047012570203941</controlfield><datafield ind1=' ' ind2=' ' tag='035'><subfield code='a'>(OCoLC)22133265</subfield></datafield><datafield ind1=' ' ind2=' ' tag='040'><subfield code='a'>HUH</subfield><subfield code='c'>HUH</subfield><subfield code='d'>TOZ</subfield></datafield><datafield ind1=' ' ind2=' ' tag='043'><subfield code='a'>po-----</subfield><subfield code='a'>f------</subfield></datafield><datafield ind1='1' ind2='4' tag='050'><subfield code='a'>N5311</subfield><subfield code='b'>.S68 1978b</subfield></datafield><datafield ind1='2' ind2=' ' tag='110'><subfield code='a'>Sotheby Parke Bernet &amp; Co.</subfield></datafield><datafield ind1='1' ind2='0' tag='245'><subfield code='a'>Pre-Columbian, American Indian, Oceanic, and African art :</subfield><subfield code='b'>including a Mixtec turquoise mosaic wood mask, ... which will be sold by auction /</subfield><subfield code='c'>by Sotheby Parke Bernet &amp; Co.</subfield></datafield><datafield ind1='3' ind2=' ' tag='246'><subfield code='a'>Catalogue of Pre-Columbian, American Indian, Oceanic, and African art.</subfield></datafield><datafield ind1='3' ind2=' ' tag='246'><subfield code='a'>Catalogue of Pre-Columbian, American Indian, Oceanic, and African art</subfield></datafield><datafield ind1=' ' ind2=' ' tag='260'><subfield code='a'>London :</subfield><subfield code='b'>Sotheby Parke Bernet,</subfield><subfield code='c'>[1978]</subfield></datafield><datafield ind1=' ' ind2=' ' tag='300'><subfield code='a'>129, [1] p. :</subfield><subfield code='b'>ill. (some col.) ;</subfield><subfield code='c'>25 cm.</subfield></datafield><datafield ind1=' ' ind2=' ' tag='500'><subfield code='a'>Day of sale: Monday, Dec. 11, 1978.</subfield></datafield><datafield ind1=' ' ind2=' ' tag='500'><subfield code='a'>Price list and Estimates inserted at end.</subfield></datafield><datafield ind1=' ' ind2=' ' tag='500'><subfield code='a'>Cover title: Catalogue of Pre-Columbian, American Indian, Oceanic, and African art.</subfield></datafield><datafield ind1=' ' ind2=' ' tag='504'><subfield code='a'>Bibliography: p. [130]</subfield></datafield><datafield ind1=' ' ind2='0' tag='650'><subfield code='a'>Art, Prehistoric</subfield><subfield code='v'>Catalogs</subfield></datafield><datafield ind1=' ' ind2='0' tag='650'><subfield code='a'>Art</subfield><subfield code='z'>Oceania</subfield><subfield code='v'>Catalogs.</subfield></datafield><datafield ind1=' ' ind2='0' tag='650'><subfield code='a'>Art</subfield><subfield code='z'>Africa</subfield><subfield code='v'>Catalogs.</subfield></datafield><datafield ind1=' ' ind2='7' tag='655'><subfield code='a'>Catalogs</subfield><subfield code='2'>fast</subfield><subfield code='0'>(OCoLC)fst01423692</subfield></datafield><datafield ind1='1' ind2=' ' tag='583'><subfield code='a'>committed to retain</subfield><subfield code='c'>20181001</subfield><subfield code='d'>in perpetuity</subfield><subfield code='f'>ReCAP Shared Collection</subfield><subfield code='5'>HUL</subfield><subfield code='8'>221912622530003941</subfield></datafield><datafield ind1='7' ind2=' ' tag='852'><subfield code='2'>ZTOZ</subfield><subfield code='c'>HD</subfield><subfield code='h'>TECH.</subfield><subfield code='i'>So 76 ca</subfield><subfield code='0'>10848352</subfield><subfield code='b'>scsbhl</subfield></datafield><datafield ind1=' ' ind2=' ' tag='876'><subfield code='0'>10848352</subfield><subfield code='a'>16552393</subfield><subfield code='h'> </subfield><subfield code='j'>Available</subfield><subfield code='k'>TOZ</subfield><subfield code='p'>TZ2AI9</subfield><subfield code='x'>Shared</subfield><subfield code='z'>TZ</subfield><subfield code='l'>HD</subfield></datafield></record>