
<record><leader>03501cam a2200745 a 4500</leader><controlfield tag='001'>SCSB-10195606</controlfield><controlfield tag='005'>20250918213016.0</controlfield><controlfield tag='008'>800620s1979    nyua     bc   000 0 eng d</controlfield><controlfield tag='009'>990047009090203941</controlfield><datafield ind1='8' ind2=' ' tag='024'><subfield code='a'>4246</subfield></datafield><datafield ind1='0' ind2=' ' tag='033'><subfield code='a'>19790512</subfield></datafield><datafield ind1=' ' ind2=' ' tag='035'><subfield code='a'>(OCoLC)6444272</subfield><subfield code='z'>(OCoLC)13608596</subfield><subfield code='z'>(OCoLC)855931154</subfield><subfield code='z'>(OCoLC)936158393</subfield><subfield code='z'>(OCoLC)1020856356</subfield></datafield><datafield ind1=' ' ind2=' ' tag='040'><subfield code='a'>EWF</subfield><subfield code='b'>eng</subfield><subfield code='c'>EWF</subfield><subfield code='d'>YAM</subfield><subfield code='d'>OCLCQ</subfield><subfield code='d'>OCLCO</subfield><subfield code='d'>OCLCF</subfield><subfield code='d'>OCLCQ</subfield><subfield code='d'>OCLCO</subfield><subfield code='d'>OCLCA</subfield><subfield code='d'>OCLCQ</subfield><subfield code='d'>DDO</subfield><subfield code='d'>OCLCO</subfield><subfield code='d'>OCL</subfield><subfield code='d'>OCLCO</subfield><subfield code='d'>OCL</subfield><subfield code='d'>UBY</subfield><subfield code='d'>OCL</subfield><subfield code='d'>ITIRS</subfield><subfield code='d'>OCL</subfield><subfield code='d'>OCLCO</subfield><subfield code='d'>OCLCA</subfield><subfield code='d'>OCLCL</subfield><subfield code='d'>OCLCO</subfield></datafield><datafield ind1=' ' ind2=' ' tag='043'><subfield code='a'>n-mx---</subfield><subfield code='a'>s------</subfield><subfield code='a'>nc-----</subfield><subfield code='a'>cl-----</subfield></datafield><datafield ind1=' ' ind2='4' tag='050'><subfield code='a'>E59.A7</subfield><subfield code='b'>S6747 1979</subfield></datafield><datafield ind1='2' ind2=' ' tag='110'><subfield code='a'>Sotheby Parke Bernet Inc.</subfield><subfield code='1'>https://id.oclc.org/worldcat/entity/E39QQPVp7Txbf6bWfFdxJ96jRg</subfield></datafield><datafield ind1='1' ind2='0' tag='245'><subfield code='a'>Fine Pre-Columbian art and colonial paintings of Latin America :</subfield><subfield code='b'>the property of various owners, including the Textile museum, Washington, D.C. : exhibition from Saturday May 5 to 3 p.m. Friday, May 11, 1979 ... : public auction, May 12, 1979 ... /</subfield><subfield code='c'>Sotheby Parke Bernet Inc.</subfield></datafield><datafield ind1=' ' ind2=' ' tag='260'><subfield code='a'>New York :</subfield><subfield code='b'>Sotheby Parke Bernet Inc.,</subfield><subfield code='c'>1979.</subfield></datafield><datafield ind1=' ' ind2=' ' tag='300'><subfield code='a'>[118] pages :</subfield><subfield code='b'>illustrations (some color) ;</subfield><subfield code='c'>24 cm</subfield></datafield><datafield ind1=' ' ind2=' ' tag='336'><subfield code='a'>text</subfield><subfield code='b'>txt</subfield><subfield code='2'>rdacontent</subfield></datafield><datafield ind1=' ' ind2=' ' tag='337'><subfield code='a'>unmediated</subfield><subfield code='b'>n</subfield><subfield code='2'>rdamedia</subfield></datafield><datafield ind1=' ' ind2=' ' tag='338'><subfield code='a'>volume</subfield><subfield code='b'>nc</subfield><subfield code='2'>rdacarrier</subfield></datafield><datafield ind1=' ' ind2=' ' tag='504'><subfield code='a'>Includes bibliographical references.</subfield></datafield><datafield ind1=' ' ind2=' ' tag='500'><subfield code='a'>&quot;Sale number 4246.&quot;</subfield></datafield><datafield ind1=' ' ind2=' ' tag='500'><subfield code='a'>Includes estimated valuation prices.</subfield></datafield><datafield ind1=' ' ind2=' ' tag='500'><subfield code='a'>&quot;Sale results&quot;: (1 sheet)--laid in</subfield></datafield><datafield ind1=' ' ind2='0' tag='650'><subfield code='a'>Indian art</subfield><subfield code='z'>Central America</subfield><subfield code='v'>Catalogs.</subfield></datafield><datafield ind1=' ' ind2='0' tag='650'><subfield code='a'>Indian art</subfield><subfield code='z'>South America</subfield><subfield code='v'>Catalogs.</subfield></datafield><datafield ind1=' ' ind2='0' tag='650'><subfield code='a'>Indian art</subfield><subfield code='z'>Mexico</subfield><subfield code='v'>Catalogs.</subfield></datafield><datafield ind1=' ' ind2='0' tag='650'><subfield code='a'>Indians of Central America</subfield><subfield code='x'>Antiquities</subfield></datafield><datafield ind1=' ' ind2='0' tag='650'><subfield code='a'>Indians of South America</subfield><subfield code='x'>Antiquities</subfield></datafield><datafield ind1=' ' ind2='0' tag='650'><subfield code='a'>Indians of Mexico</subfield><subfield code='x'>Antiquities</subfield></datafield><datafield ind1=' ' ind2='0' tag='650'><subfield code='a'>Painting, Colonial</subfield><subfield code='z'>Latin America</subfield><subfield code='v'>Catalogs.</subfield></datafield><datafield ind1=' ' ind2='6' tag='650'><subfield code='a'>Peuples autochtones</subfield><subfield code='z'>Amérique du Sud</subfield><subfield code='x'>Antiquités.</subfield></datafield><datafield ind1=' ' ind2='6' tag='650'><subfield code='a'>Peuples autochtones</subfield><subfield code='z'>Mexique</subfield><subfield code='x'>Antiquités.</subfield></datafield><datafield ind1=' ' ind2='6' tag='650'><subfield code='a'>Peinture coloniale</subfield><subfield code='z'>Amérique latine</subfield><subfield code='v'>Catalogues.</subfield></datafield><datafield ind1=' ' ind2='7' tag='650'><subfield code='a'>Antiquities</subfield><subfield code='2'>fast</subfield></datafield><datafield ind1=' ' ind2='7' tag='650'><subfield code='a'>Indian art</subfield><subfield code='2'>fast</subfield></datafield><datafield ind1=' ' ind2='7' tag='650'><subfield code='a'>Indians of Central America</subfield><subfield code='x'>Antiquities</subfield><subfield code='2'>fast</subfield></datafield><datafield ind1=' ' ind2='7' tag='650'><subfield code='a'>Indians of Mexico</subfield><subfield code='x'>Antiquities</subfield><subfield code='2'>fast</subfield></datafield><datafield ind1=' ' ind2='7' tag='650'><subfield code='a'>Indians of South America</subfield><subfield code='x'>Antiquities</subfield><subfield code='2'>fast</subfield></datafield><datafield ind1=' ' ind2='7' tag='650'><subfield code='a'>Painting, Colonial</subfield><subfield code='2'>fast</subfield></datafield><datafield ind1=' ' ind2='0' tag='651'><subfield code='a'>Latin America</subfield><subfield code='x'>Antiquities</subfield></datafield><datafield ind1=' ' ind2='7' tag='651'><subfield code='a'>Central America</subfield><subfield code='2'>fast</subfield></datafield><datafield ind1=' ' ind2='7' tag='651'><subfield code='a'>Latin America</subfield><subfield code='2'>fast</subfield></datafield><datafield ind1=' ' ind2='7' tag='651'><subfield code='a'>Mexico</subfield><subfield code='2'>fast</subfield><subfield code='1'>https://id.oclc.org/worldcat/entity/E39QbtfRkxCrqQ3XXbCkdP63kc</subfield></datafield><datafield ind1=' ' ind2='7' tag='651'><subfield code='a'>South America</subfield><subfield code='2'>fast</subfield><subfield code='1'>https://id.oclc.org/worldcat/entity/E39PBJkXBJV9Hk6cKTTG6C3fbd</subfield></datafield><datafield ind1=' ' ind2=' ' tag='653'><subfield code='a'>Elinor Arnason</subfield></datafield><datafield ind1=' ' ind2=' ' tag='653'><subfield code='a'>Estate of Robert Tyler Davis</subfield></datafield><datafield ind1=' ' ind2=' ' tag='653'><subfield code='a'>Ivan Rigby</subfield></datafield><datafield ind1=' ' ind2=' ' tag='653'><subfield code='a'>Mr. and Mrs. Burton D. Hunter</subfield></datafield><datafield ind1=' ' ind2=' ' tag='653'><subfield code='a'>Paul Weeks</subfield></datafield><datafield ind1=' ' ind2=' ' tag='653'><subfield code='a'>Ralph E. Becker</subfield></datafield><datafield ind1=' ' ind2=' ' tag='653'><subfield code='a'>Textile Museum, Washington, D.C.</subfield></datafield><datafield ind1=' ' ind2='7' tag='655'><subfield code='a'>auction catalogs.</subfield><subfield code='2'>aat</subfield></datafield><datafield ind1=' ' ind2='7' tag='655'><subfield code='a'>Auction catalogs</subfield><subfield code='2'>fast</subfield></datafield><datafield ind1=' ' ind2='7' tag='655'><subfield code='a'>Catalogs</subfield><subfield code='2'>fast</subfield></datafield><datafield ind1=' ' ind2='7' tag='655'><subfield code='a'>Auction catalogs.</subfield><subfield code='2'>lcgft</subfield></datafield><datafield ind1=' ' ind2='7' tag='655'><subfield code='a'>Auction catalogs.</subfield><subfield code='2'>rbgenr</subfield></datafield><datafield ind1=' ' ind2='7' tag='655'><subfield code='a'>Catalogues de vente aux enchères.</subfield><subfield code='2'>rvmgf</subfield></datafield><datafield ind1='0' ind2='8' tag='776'><subfield code='i'>Online version:</subfield><subfield code='a'>Sotheby Parke Bernet Inc.</subfield><subfield code='t'>Fine Pre-Columbian art and colonial paintings of Latin America.</subfield><subfield code='d'>New York : Sotheby Parke Bernet Inc., 1979</subfield><subfield code='w'>(OCoLC)988863733</subfield></datafield><datafield ind1='2' ind2=' ' tag='810'><subfield code='a'>Sotheby Parke Bernet Inc.</subfield><subfield code='t'>Catalogue of sale (New York, N.Y.) ;</subfield><subfield code='v'>sale no. 4246.</subfield></datafield><datafield ind1='1' ind2=' ' tag='583'><subfield code='a'>committed to retain</subfield><subfield code='c'>20181001</subfield><subfield code='d'>in perpetuity</subfield><subfield code='f'>ReCAP Shared Collection</subfield><subfield code='5'>HUL</subfield><subfield code='8'>221925050870003941</subfield></datafield><datafield ind1='7' ind2=' ' tag='852'><subfield code='2'>ZTOZ</subfield><subfield code='c'>HD</subfield><subfield code='h'>S.A.</subfield><subfield code='i'>So 77 fi</subfield><subfield code='0'>10954695</subfield><subfield code='b'>scsbhl</subfield></datafield><datafield ind1=' ' ind2=' ' tag='876'><subfield code='0'>10954695</subfield><subfield code='a'>16665211</subfield><subfield code='h'> </subfield><subfield code='j'>Available</subfield><subfield code='k'>TOZ</subfield><subfield code='p'>TZ2ATR</subfield><subfield code='x'>Shared</subfield><subfield code='z'>TZ</subfield><subfield code='l'>HD</subfield></datafield></record>