
<record><leader>03055cam a2200649 a 4500</leader><controlfield tag='001'>SCSB-10139828</controlfield><controlfield tag='005'>20240611213014.0</controlfield><controlfield tag='008'>050628s1972    nyua     bc   000 0 eng  </controlfield><controlfield tag='009'>990080203390203941</controlfield><datafield ind1=' ' ind2=' ' tag='010'><subfield code='a'>  2011659672</subfield></datafield><datafield ind1=' ' ind2=' ' tag='035'><subfield code='a'>(OCoLC)753468840</subfield><subfield code='z'>(OCoLC)974416</subfield><subfield code='z'>(OCoLC)1074239</subfield><subfield code='z'>(OCoLC)36596318</subfield><subfield code='z'>(OCoLC)858343992</subfield><subfield code='z'>(OCoLC)1108879996</subfield></datafield><datafield ind1=' ' ind2=' ' tag='040'><subfield code='a'>DLC</subfield><subfield code='b'>eng</subfield><subfield code='c'>DLC</subfield><subfield code='d'>PAU</subfield><subfield code='d'>TXJ</subfield><subfield code='d'>OCLCF</subfield><subfield code='d'>OCLCO</subfield><subfield code='d'>OCLCQ</subfield><subfield code='d'>OKS</subfield><subfield code='d'>OCLCA</subfield><subfield code='d'>OCLCO</subfield><subfield code='d'>DLM</subfield><subfield code='d'>UIU</subfield><subfield code='d'>DDO</subfield><subfield code='d'>INU</subfield><subfield code='d'>OCLCL</subfield><subfield code='d'>UMK</subfield><subfield code='d'>OCLCO</subfield></datafield><datafield ind1=' ' ind2=' ' tag='042'><subfield code='a'>pcc</subfield></datafield><datafield ind1=' ' ind2=' ' tag='043'><subfield code='a'>n-mx---</subfield><subfield code='a'>nc-----</subfield><subfield code='a'>s------</subfield></datafield><datafield ind1='0' ind2='0' tag='050'><subfield code='a'>E59.A7</subfield><subfield code='b'>S68 1972</subfield></datafield><datafield ind1=' ' ind2='4' tag='082'><subfield code='a'>709.8</subfield><subfield code='b'>P237p, 1970</subfield></datafield><datafield ind1='2' ind2=' ' tag='110'><subfield code='a'>Sotheby Parke Bernet Inc.</subfield></datafield><datafield ind1='1' ind2='0' tag='245'><subfield code='a'>Pre-Columbian art, including Mexico, Central and South America, from the inventory of the Arts of the Four Quarters, Ltd.</subfield></datafield><datafield ind1='1' ind2='4' tag='246'><subfield code='a'>Pre-Columbian art from the inventory of the Arts of the Four Quarters, Ltd</subfield></datafield><datafield ind1=' ' ind2=' ' tag='260'><subfield code='a'>New York :</subfield><subfield code='b'>Parke-Bernet Galleries,</subfield><subfield code='c'>1972.</subfield></datafield><datafield ind1=' ' ind2=' ' tag='300'><subfield code='a'>64 pages :</subfield><subfield code='b'>illustrations (some color, 1 folded) ;</subfield><subfield code='c'>24 cm</subfield></datafield><datafield ind1=' ' ind2=' ' tag='336'><subfield code='a'>text</subfield><subfield code='b'>txt</subfield><subfield code='2'>rdacontent</subfield></datafield><datafield ind1=' ' ind2=' ' tag='337'><subfield code='a'>unmediated</subfield><subfield code='b'>n</subfield><subfield code='2'>rdamedia</subfield></datafield><datafield ind1=' ' ind2=' ' tag='338'><subfield code='a'>volume</subfield><subfield code='b'>nc</subfield><subfield code='2'>rdacarrier</subfield></datafield><datafield ind1='1' ind2=' ' tag='490'><subfield code='a'>Its Public auction sale catalog,</subfield><subfield code='v'>no. 3342</subfield></datafield><datafield ind1=' ' ind2=' ' tag='504'><subfield code='a'>Includes bibliographical references.</subfield></datafield><datafield ind1=' ' ind2=' ' tag='500'><subfield code='a'>&quot;Public auction Saturday, Apr. 8, 1972 ... Parke-Bernet Galleries Inc. New York, affiliated with Sotheby &amp; Co. London.&quot;</subfield></datafield><datafield ind1=' ' ind2=' ' tag='500'><subfield code='a'>&quot;Sale no. 3342.&quot;</subfield></datafield><datafield ind1=' ' ind2=' ' tag='500'><subfield code='a'>Includes some metal-work and textiles.</subfield></datafield><datafield ind1=' ' ind2='0' tag='650'><subfield code='a'>Indians of Mexico</subfield><subfield code='x'>Antiquities</subfield><subfield code='v'>Catalogs</subfield></datafield><datafield ind1=' ' ind2='0' tag='650'><subfield code='a'>Indians of Central America</subfield><subfield code='x'>Antiquities</subfield><subfield code='v'>Catalogs.</subfield></datafield><datafield ind1=' ' ind2='0' tag='650'><subfield code='a'>Indians of South America</subfield><subfield code='x'>Antiquities</subfield><subfield code='v'>Catalogs.</subfield></datafield><datafield ind1=' ' ind2='0' tag='650'><subfield code='a'>Indian pottery</subfield><subfield code='v'>Catalogs.</subfield></datafield><datafield ind1=' ' ind2='0' tag='650'><subfield code='a'>Effigy pottery</subfield><subfield code='v'>Catalogs.</subfield></datafield><datafield ind1=' ' ind2='0' tag='650'><subfield code='a'>Art</subfield><subfield code='v'>Catalogs</subfield></datafield><datafield ind1=' ' ind2='6' tag='650'><subfield code='a'>Art premier</subfield><subfield code='v'>Catalogues.</subfield></datafield><datafield ind1=' ' ind2='6' tag='650'><subfield code='a'>Art</subfield><subfield code='v'>Catalogues.</subfield></datafield><datafield ind1=' ' ind2='6' tag='650'><subfield code='a'>Peuples autochtones</subfield><subfield code='z'>Mexique</subfield><subfield code='x'>Antiquités</subfield><subfield code='v'>Catalogues.</subfield></datafield><datafield ind1=' ' ind2='6' tag='650'><subfield code='a'>Peuples autochtones</subfield><subfield code='z'>Amérique du Sud</subfield><subfield code='x'>Antiquités</subfield><subfield code='v'>Catalogues.</subfield></datafield><datafield ind1=' ' ind2='7' tag='650'><subfield code='a'>Effigy pottery</subfield><subfield code='2'>fast</subfield></datafield><datafield ind1=' ' ind2='7' tag='650'><subfield code='a'>Indian pottery</subfield><subfield code='2'>fast</subfield></datafield><datafield ind1=' ' ind2='7' tag='650'><subfield code='a'>Indians of Central America</subfield><subfield code='x'>Antiquities</subfield><subfield code='2'>fast</subfield></datafield><datafield ind1=' ' ind2='7' tag='650'><subfield code='a'>Indians of Mexico</subfield><subfield code='x'>Antiquities</subfield><subfield code='2'>fast</subfield></datafield><datafield ind1=' ' ind2='7' tag='650'><subfield code='a'>Indians of South America</subfield><subfield code='x'>Antiquities</subfield><subfield code='2'>fast</subfield></datafield><datafield ind1='2' ind2='0' tag='610'><subfield code='a'>Parke-Bernet Galleries</subfield><subfield code='v'>Catalogs.</subfield></datafield><datafield ind1='2' ind2='7' tag='610'><subfield code='a'>Parke-Bernet Galleries</subfield><subfield code='2'>fast</subfield></datafield><datafield ind1=' ' ind2='0' tag='655'><subfield code='a'>Art auctions</subfield></datafield><datafield ind1=' ' ind2='7' tag='655'><subfield code='a'>Catalogs</subfield><subfield code='2'>fast</subfield></datafield><datafield ind1='2' ind2=' ' tag='710'><subfield code='a'>Arts of the Four Quarters, Ltd.</subfield></datafield><datafield ind1='0' ind2='8' tag='776'><subfield code='i'>Online version:</subfield><subfield code='a'>Sotheby Parke Bernet Inc.</subfield><subfield code='t'>Pre-Columbian art.</subfield><subfield code='d'>New York [1972]</subfield><subfield code='w'>(OCoLC)591090161</subfield></datafield><datafield ind1='0' ind2='8' tag='776'><subfield code='i'>Online version:</subfield><subfield code='a'>Sotheby Parke Bernet Inc.</subfield><subfield code='t'>Pre-Columbian art.</subfield><subfield code='d'>New York [1972]</subfield><subfield code='w'>(OCoLC)609953705</subfield></datafield><datafield ind1='2' ind2=' ' tag='810'><subfield code='a'>Sotheby Parke Bernet Inc.</subfield><subfield code='t'>Catalogues of sales ;</subfield><subfield code='v'>no. 3342.</subfield></datafield><datafield ind1='1' ind2=' ' tag='583'><subfield code='a'>committed to retain</subfield><subfield code='c'>20181001</subfield><subfield code='d'>in perpetuity</subfield><subfield code='f'>ReCAP Shared Collection</subfield><subfield code='5'>HUL</subfield><subfield code='8'>222046979090003941</subfield></datafield><datafield ind1='7' ind2=' ' tag='852'><subfield code='2'>ZTOZ</subfield><subfield code='c'>HD</subfield><subfield code='h'>SPAN.AM.</subfield><subfield code='i'>P 220 f ([1])</subfield><subfield code='0'>10894811</subfield><subfield code='b'>scsbhl</subfield></datafield><datafield ind1=' ' ind2=' ' tag='876'><subfield code='0'>10894811</subfield><subfield code='a'>16600878</subfield><subfield code='h'> </subfield><subfield code='j'>Available</subfield><subfield code='k'>TOZ</subfield><subfield code='p'>TZ1U6U</subfield><subfield code='x'>Shared</subfield><subfield code='z'>TZ</subfield><subfield code='l'>HD</subfield></datafield></record>