
<record><leader>02514cam a2200637 a 4500</leader><controlfield tag='001'>SCSB-10002267</controlfield><controlfield tag='005'>20231001213019.0</controlfield><controlfield tag='008'>851218s1983    nyua     c    000 0 eng d</controlfield><controlfield tag='009'>990012450370203941</controlfield><datafield ind1=' ' ind2=' ' tag='035'><subfield code='a'>(OCoLC)12929545</subfield><subfield code='z'>(OCoLC)38350034</subfield><subfield code='z'>(OCoLC)516502505</subfield><subfield code='z'>(OCoLC)614628379</subfield></datafield><datafield ind1=' ' ind2=' ' tag='040'><subfield code='a'>IAK</subfield><subfield code='b'>eng</subfield><subfield code='c'>IAK</subfield><subfield code='d'>OCLCQ</subfield><subfield code='d'>OCLCF</subfield><subfield code='d'>OCLCO</subfield><subfield code='d'>OCLCQ</subfield><subfield code='d'>OCLCO</subfield><subfield code='d'>DDO</subfield><subfield code='d'>OCLCO</subfield><subfield code='d'>OCL</subfield><subfield code='d'>OCLCO</subfield><subfield code='d'>ADU</subfield><subfield code='d'>INU</subfield><subfield code='d'>CNUTO</subfield><subfield code='d'>OCLCA</subfield><subfield code='d'>OCLCO</subfield><subfield code='d'>OCL</subfield><subfield code='d'>OCLCO</subfield></datafield><datafield ind1=' ' ind2=' ' tag='043'><subfield code='a'>n-mx---</subfield><subfield code='a'>po-----</subfield></datafield><datafield ind1=' ' ind2='4' tag='050'><subfield code='a'>N8650.A1</subfield><subfield code='b'>P36 no.5118</subfield></datafield><datafield ind1=' ' ind2='4' tag='055'><subfield code='a'>N5220.H45</subfield><subfield code='b'>H45 1983</subfield></datafield><datafield ind1='2' ind2=' ' tag='110'><subfield code='a'>Sotheby Parke Bernet Inc.</subfield></datafield><datafield ind1='1' ind2='4' tag='245'><subfield code='a'>The Ben Heller collection :</subfield><subfield code='b'>exhibition ... November 26-30 ... : auction ... December 1, 1983 ... /</subfield><subfield code='c'>Sotheby Parke Bernet Inc.</subfield></datafield><datafield ind1=' ' ind2=' ' tag='260'><subfield code='a'>New York :</subfield><subfield code='b'>Sotheby Parke Bernet Inc.,</subfield><subfield code='c'>1983.</subfield></datafield><datafield ind1=' ' ind2=' ' tag='300'><subfield code='a'>92 unnumbered pages :</subfield><subfield code='b'>illustrations ;</subfield><subfield code='c'>24 cm</subfield></datafield><datafield ind1=' ' ind2=' ' tag='336'><subfield code='a'>text</subfield><subfield code='b'>txt</subfield><subfield code='2'>rdacontent</subfield></datafield><datafield ind1=' ' ind2=' ' tag='337'><subfield code='a'>unmediated</subfield><subfield code='b'>n</subfield><subfield code='2'>rdamedia</subfield></datafield><datafield ind1=' ' ind2=' ' tag='338'><subfield code='a'>volume</subfield><subfield code='b'>nc</subfield><subfield code='2'>rdacarrier</subfield></datafield><datafield ind1='1' ind2=' ' tag='490'><subfield code='a'>Its public auction sale ;</subfield><subfield code='v'>no. 5118</subfield></datafield><datafield ind1=' ' ind2=' ' tag='546'><subfield code='a'>Language: English.</subfield></datafield><datafield ind1=' ' ind2=' ' tag='500'><subfield code='a'>&quot;Including Pre-Columbian, Indian and Southeast Asian, Oceanic and African art.&quot;</subfield></datafield><datafield ind1=' ' ind2='0' tag='650'><subfield code='a'>Art objects</subfield><subfield code='v'>Catalogs</subfield></datafield><datafield ind1=' ' ind2='0' tag='650'><subfield code='a'>Indian art</subfield><subfield code='z'>Mexico</subfield><subfield code='v'>Catalogs.</subfield></datafield><datafield ind1=' ' ind2='0' tag='650'><subfield code='a'>Art, African</subfield><subfield code='v'>Catalogs</subfield></datafield><datafield ind1=' ' ind2='0' tag='650'><subfield code='a'>Art</subfield><subfield code='v'>Catalogs</subfield></datafield><datafield ind1=' ' ind2='0' tag='650'><subfield code='a'>Art, Asian</subfield><subfield code='v'>Catalogs</subfield></datafield><datafield ind1=' ' ind2='0' tag='650'><subfield code='a'>Art</subfield><subfield code='z'>Oceania</subfield><subfield code='v'>Catalogs.</subfield></datafield><datafield ind1=' ' ind2='0' tag='650'><subfield code='a'>Indians of Mexico</subfield><subfield code='x'>Antiquities</subfield><subfield code='v'>Catalogs</subfield></datafield><datafield ind1=' ' ind2='0' tag='650'><subfield code='a'>Art auctions</subfield><subfield code='x'>Private collections</subfield><subfield code='v'>Catalogs.</subfield></datafield><datafield ind1=' ' ind2='6' tag='650'><subfield code='a'>Objets d&apos;art</subfield><subfield code='v'>Catalogues.</subfield></datafield><datafield ind1=' ' ind2='6' tag='650'><subfield code='a'>Art africain</subfield><subfield code='v'>Catalogues.</subfield></datafield><datafield ind1=' ' ind2='6' tag='650'><subfield code='a'>Art</subfield><subfield code='v'>Catalogues.</subfield></datafield><datafield ind1=' ' ind2='6' tag='650'><subfield code='a'>Art asiatique</subfield><subfield code='v'>Catalogues.</subfield></datafield><datafield ind1=' ' ind2='6' tag='650'><subfield code='a'>Art</subfield><subfield code='z'>Océanie</subfield><subfield code='v'>Catalogues.</subfield></datafield><datafield ind1=' ' ind2='6' tag='650'><subfield code='a'>Art</subfield><subfield code='x'>Vente aux enchères</subfield><subfield code='x'>Collections privées</subfield><subfield code='v'>Catalogues.</subfield></datafield><datafield ind1=' ' ind2='6' tag='650'><subfield code='a'>Peuples autochtones</subfield><subfield code='z'>Mexique</subfield><subfield code='x'>Antiquités</subfield><subfield code='v'>Catalogues.</subfield></datafield><datafield ind1=' ' ind2='7' tag='650'><subfield code='a'>Indians of Mexico</subfield><subfield code='x'>Antiquities</subfield><subfield code='2'>fast</subfield></datafield><datafield ind1=' ' ind2='7' tag='650'><subfield code='a'>Indian art</subfield><subfield code='2'>fast</subfield></datafield><datafield ind1=' ' ind2='7' tag='650'><subfield code='a'>Art</subfield><subfield code='2'>fast</subfield></datafield><datafield ind1=' ' ind2='7' tag='650'><subfield code='a'>Art, African</subfield><subfield code='2'>fast</subfield></datafield><datafield ind1=' ' ind2='7' tag='650'><subfield code='a'>Art, Asian</subfield><subfield code='2'>fast</subfield></datafield><datafield ind1=' ' ind2='7' tag='650'><subfield code='a'>Art objects</subfield><subfield code='2'>fast</subfield></datafield><datafield ind1=' ' ind2='7' tag='651'><subfield code='a'>Oceania</subfield><subfield code='2'>fast</subfield></datafield><datafield ind1=' ' ind2='7' tag='651'><subfield code='a'>Mexico</subfield><subfield code='2'>fast</subfield></datafield><datafield ind1=' ' ind2='7' tag='655'><subfield code='a'>auction catalogs.</subfield><subfield code='2'>aat</subfield></datafield><datafield ind1=' ' ind2='7' tag='655'><subfield code='a'>Auction catalogs</subfield><subfield code='2'>fast</subfield></datafield><datafield ind1=' ' ind2='7' tag='655'><subfield code='a'>Catalogs</subfield><subfield code='2'>fast</subfield></datafield><datafield ind1=' ' ind2='7' tag='655'><subfield code='a'>Auction catalogs</subfield><subfield code='2'>lcgft</subfield></datafield><datafield ind1=' ' ind2='7' tag='655'><subfield code='a'>Catalogues de vente aux enchères.</subfield><subfield code='2'>rvmgf</subfield></datafield><datafield ind1='2' ind2=' ' tag='810'><subfield code='a'>Sotheby Parke Bernet Inc.</subfield><subfield code='t'>Catalogue of sale (New York, N.Y.)</subfield><subfield code='v'>sale no. 5118.</subfield></datafield><datafield ind1='1' ind2=' ' tag='583'><subfield code='a'>committed to retain</subfield><subfield code='c'>20181001</subfield><subfield code='d'>in perpetuity</subfield><subfield code='f'>ReCAP Shared Collection</subfield><subfield code='5'>HUL</subfield><subfield code='8'>221796358870003941</subfield></datafield><datafield ind1='7' ind2=' ' tag='852'><subfield code='2'>ZTOZ</subfield><subfield code='c'>HD</subfield><subfield code='h'>TECH.</subfield><subfield code='i'>So 76 b</subfield><subfield code='0'>10746885</subfield><subfield code='b'>scsbhl</subfield></datafield><datafield ind1=' ' ind2=' ' tag='876'><subfield code='0'>10746885</subfield><subfield code='a'>16442967</subfield><subfield code='h'> </subfield><subfield code='j'>Available</subfield><subfield code='k'>TOZ</subfield><subfield code='p'>TZ2AIA</subfield><subfield code='x'>Shared</subfield><subfield code='z'>TZ</subfield><subfield code='l'>HD</subfield></datafield></record>