
<record><leader>00983cam a2200241 i 4500</leader><controlfield tag='001'>SCSB-3299445</controlfield><controlfield tag='003'>NNC</controlfield><controlfield tag='005'>20220608220735.0</controlfield><controlfield tag='008'>771222s1973    xx            000 0 eng d</controlfield><controlfield tag='009'>1719337</controlfield><datafield ind1=' ' ind2=' ' tag='035'><subfield code='a'>(OCoLC)ocm03508468</subfield></datafield><datafield ind1=' ' ind2=' ' tag='035'><subfield code='9'>ALC4252CU</subfield></datafield><datafield ind1=' ' ind2=' ' tag='035'><subfield code='a'>1719337</subfield></datafield><datafield ind1=' ' ind2=' ' tag='040'><subfield code='a'>DLM</subfield><subfield code='c'>DLM</subfield><subfield code='d'>OCL</subfield><subfield code='d'>ZCU</subfield></datafield><datafield ind1='2' ind2=' ' tag='110'><subfield code='a'>Sotheby Parke Bernet Inc.</subfield><subfield code='0'>http://id.loc.gov/authorities/names/n81107851</subfield></datafield><datafield ind1='1' ind2='0' tag='245'><subfield code='a'>16th to 20th century paintings, drawings, and sculpture :</subfield><subfield code='b'>Pre-Columbian, Far Eastern and other works of art /</subfield><subfield code='c'>For the benefit of the Rudolf Wittkower Fellowship Fund, Department of Art History and Archaeology, Columbia University.</subfield></datafield><datafield ind1=' ' ind2=' ' tag='260'><subfield code='a'>New York :</subfield><subfield code='b'>The Corporation,</subfield><subfield code='c'>[1973]</subfield></datafield><datafield ind1=' ' ind2=' ' tag='300'><subfield code='a'>42 pages :</subfield><subfield code='b'>chiefly illustrations ;</subfield><subfield code='c'>24 cm</subfield></datafield><datafield ind1=' ' ind2=' ' tag='336'><subfield code='a'>text</subfield><subfield code='b'>txt</subfield><subfield code='2'>rdacontent</subfield></datafield><datafield ind1=' ' ind2=' ' tag='337'><subfield code='a'>unmediated</subfield><subfield code='b'>n</subfield><subfield code='2'>rdamedia</subfield></datafield><datafield ind1=' ' ind2=' ' tag='500'><subfield code='a'>Public auction, Tuesday, December 4, 1973.</subfield></datafield><datafield ind1=' ' ind2='0' tag='650'><subfield code='a'>Art</subfield><subfield code='v'>Catalogs.</subfield><subfield code='0'>http://id.loc.gov/authorities/subjects/sh85007469</subfield></datafield><datafield ind1='8' ind2='0' tag='852'><subfield code='h'>N5020 N48 So77</subfield><subfield code='0'>3282489</subfield><subfield code='b'>scsbcul</subfield></datafield><datafield ind1=' ' ind2=' ' tag='876'><subfield code='0'>3282489</subfield><subfield code='a'>4997180</subfield><subfield code='h'>In Library Use</subfield><subfield code='j'>Available</subfield><subfield code='p'>AR52422968</subfield><subfield code='t'>1</subfield><subfield code='x'>Shared</subfield><subfield code='z'>AR</subfield><subfield code='l'>RECAP</subfield></datafield></record>