
<record><leader>00000nam a2200361Ii 4500</leader><controlfield tag='001'>SCSB-11876053</controlfield><controlfield tag='005'>20140311225714.0</controlfield><controlfield tag='008'>140308s2013    au a     b    100 0 eng d</controlfield><controlfield tag='009'>990139125260203941</controlfield><datafield ind1=' ' ind2=' ' tag='020'><subfield code='a'>9783854096245 (pbk.)</subfield></datafield><datafield ind1=' ' ind2=' ' tag='035'><subfield code='a'>(OCoLC)868017120</subfield></datafield><datafield ind1=' ' ind2=' ' tag='040'><subfield code='a'>NyNyMAR</subfield><subfield code='b'>eng</subfield><subfield code='e'>rda</subfield><subfield code='c'>NyNyMAR</subfield></datafield><datafield ind1='0' ind2=' ' tag='041'><subfield code='a'>eng</subfield><subfield code='a'>ger</subfield></datafield><datafield ind1=' ' ind2=' ' tag='043'><subfield code='a'>e-au---</subfield></datafield><datafield ind1=' ' ind2='4' tag='050'><subfield code='a'>HQ1397</subfield><subfield code='b'>.W674 2013</subfield></datafield><datafield ind1=' ' ind2=' ' tag='090'><subfield code='a'>HQ1397</subfield><subfield code='b'>.W674 2013</subfield></datafield><datafield ind1='0' ind2='0' tag='245'><subfield code='a'>Women&apos;s museum :</subfield><subfield code='b'>curatorial politics in feminism, education, history, and art = Frauen Museum : Politiken des Kuratorischen in Feminismus, Bildung, Geschichte und Kunst /</subfield><subfield code='c'>edited by Elke Krasny + Frauenmuseum Meran.</subfield></datafield><datafield ind1='3' ind2='1' tag='246'><subfield code='a'>Frauen Museum :</subfield><subfield code='b'>Politiken des Kuratorischen in Feminismus, Bildung, Geschichte und Kunst</subfield></datafield><datafield ind1='3' ind2='1' tag='246'><subfield code='a'>Frauen:Museum :</subfield><subfield code='b'>Politiken des Kuratorischen in Feminismus, Bildung, Geschichte und Kunst</subfield></datafield><datafield ind1=' ' ind2='1' tag='264'><subfield code='a'>Vienna :</subfield><subfield code='b'>Löcker Verlag,</subfield><subfield code='c'>[2013]</subfield></datafield><datafield ind1=' ' ind2=' ' tag='300'><subfield code='a'>332 pages :</subfield><subfield code='b'>illustrations ;</subfield><subfield code='c'>23 cm</subfield></datafield><datafield ind1=' ' ind2=' ' tag='336'><subfield code='a'>text</subfield><subfield code='2'>rdacontent</subfield></datafield><datafield ind1=' ' ind2=' ' tag='337'><subfield code='a'>unmediated</subfield><subfield code='2'>rdamedia</subfield></datafield><datafield ind1=' ' ind2=' ' tag='338'><subfield code='a'>volume</subfield><subfield code='2'>rdacarrier</subfield></datafield><datafield ind1=' ' ind2=' ' tag='546'><subfield code='a'>English and German.</subfield></datafield><datafield ind1=' ' ind2=' ' tag='500'><subfield code='a'>International conference proceedings.</subfield></datafield><datafield ind1=' ' ind2=' ' tag='504'><subfield code='a'>Includes bibliographical references.</subfield></datafield><datafield ind1=' ' ind2='0' tag='650'><subfield code='a'>Museums and women</subfield><subfield code='v'>Congresses.</subfield></datafield><datafield ind1=' ' ind2='0' tag='650'><subfield code='a'>Feminism and art</subfield><subfield code='v'>Congresses.</subfield></datafield><datafield ind1=' ' ind2='0' tag='650'><subfield code='a'>Art, Austrian</subfield><subfield code='y'>20th century</subfield><subfield code='v'>Congresses.</subfield></datafield><datafield ind1=' ' ind2='0' tag='650'><subfield code='a'>Women artists</subfield><subfield code='v'>Congresses.</subfield></datafield><datafield ind1=' ' ind2='7' tag='648'><subfield code='a'>1900-1999</subfield><subfield code='2'>fast</subfield></datafield><datafield ind1=' ' ind2='7' tag='655'><subfield code='a'>Conference papers and proceedings</subfield><subfield code='2'>fast</subfield><subfield code='0'>(OCoLC)fst01423772</subfield></datafield><datafield ind1='1' ind2=' ' tag='700'><subfield code='a'>Krasny, Elke,</subfield><subfield code='d'>1965-</subfield><subfield code='e'>editor.</subfield></datafield><datafield ind1='2' ind2=' ' tag='710'><subfield code='a'>Frauenmuseum Meran,</subfield><subfield code='e'>editor.</subfield></datafield><datafield ind1='1' ind2=' ' tag='583'><subfield code='a'>committed to retain</subfield><subfield code='c'>20181001</subfield><subfield code='d'>in perpetuity</subfield><subfield code='f'>ReCAP Shared Collection</subfield><subfield code='5'>HUL</subfield><subfield code='8'>222175262500003941</subfield></datafield><datafield ind1='0' ind2=' ' tag='852'><subfield code='c'>HD</subfield><subfield code='h'>HQ1397</subfield><subfield code='i'>.W674 2013</subfield><subfield code='0'>12697719</subfield><subfield code='b'>scsbhl</subfield></datafield><datafield ind1=' ' ind2=' ' tag='876'><subfield code='0'>12697719</subfield><subfield code='a'>18484720</subfield><subfield code='h'> </subfield><subfield code='j'>Available</subfield><subfield code='k'>WID</subfield><subfield code='p'>32044131499758</subfield><subfield code='x'>Shared</subfield><subfield code='z'>HW</subfield><subfield code='l'>HD</subfield></datafield></record>