
<record><leader>00957nam a2200277Ia 4500</leader><controlfield tag='001'>SCSB-12220213</controlfield><controlfield tag='005'>20090512190027.0</controlfield><controlfield tag='008'>930113s1991    at a     b    001 0 eng d</controlfield><controlfield tag='009'>990026191670203941</controlfield><datafield ind1=' ' ind2=' ' tag='020'><subfield code='z'>730624544</subfield></datafield><datafield ind1=' ' ind2=' ' tag='020'><subfield code='a'>0730624544</subfield></datafield><datafield ind1=' ' ind2=' ' tag='035'><subfield code='a'>(OCoLC)27247251</subfield></datafield><datafield ind1=' ' ind2=' ' tag='040'><subfield code='a'>FWR</subfield><subfield code='c'>FWR</subfield><subfield code='d'>HLS</subfield></datafield><datafield ind1=' ' ind2=' ' tag='043'><subfield code='a'>u-at---</subfield></datafield><datafield ind1=' ' ind2='4' tag='050'><subfield code='a'>N3910</subfield><subfield code='b'>.M98 1992</subfield></datafield><datafield ind1=' ' ind2=' ' tag='090'><subfield code='a'>N3910</subfield><subfield code='b'>.M98 1992</subfield></datafield><datafield ind1='2' ind2=' ' tag='110'><subfield code='a'>Museum of Victoria.</subfield></datafield><datafield ind1='1' ind2='0' tag='245'><subfield code='a'>Women&apos;s work :</subfield><subfield code='b'>aboriginal women&apos;s artefacts in the Museum of Victoria /</subfield><subfield code='c'>Aboriginal Studies Department, Museum of Victoria.</subfield></datafield><datafield ind1=' ' ind2=' ' tag='260'><subfield code='a'>Melbourne, Vic. :</subfield><subfield code='b'>Museum of Victoria,</subfield><subfield code='c'>1992.</subfield></datafield><datafield ind1=' ' ind2=' ' tag='300'><subfield code='a'>viii, 72 p. :</subfield><subfield code='b'>ill. (some col.) ; 32 cm.</subfield></datafield><datafield ind1=' ' ind2=' ' tag='504'><subfield code='a'>Includes bibliographical references (p.70) and index.</subfield></datafield><datafield ind1='2' ind2='0' tag='610'><subfield code='a'>Museum of Victoria</subfield><subfield code='x'>Catalogs.</subfield></datafield><datafield ind1=' ' ind2='0' tag='650'><subfield code='a'>Art, Aboriginal Australian</subfield></datafield><datafield ind1=' ' ind2='0' tag='650'><subfield code='a'>Women, Aboriginal Australian.</subfield></datafield><datafield ind1=' ' ind2='0' tag='650'><subfield code='a'>Women artisans</subfield><subfield code='z'>Australia.</subfield></datafield><datafield ind1=' ' ind2='7' tag='655'><subfield code='a'>Catalogs</subfield><subfield code='2'>fast</subfield><subfield code='0'>(OCoLC)fst01423692</subfield></datafield><datafield ind1='2' ind2=' ' tag='710'><subfield code='a'>Museum of Victoria.</subfield><subfield code='b'>Aboriginal Studies Department.</subfield></datafield><datafield ind1='1' ind2=' ' tag='583'><subfield code='a'>committed to retain</subfield><subfield code='c'>20181001</subfield><subfield code='d'>in perpetuity</subfield><subfield code='f'>ReCAP Shared Collection</subfield><subfield code='5'>HUL</subfield><subfield code='8'>221835095620003941</subfield></datafield><datafield ind1='0' ind2=' ' tag='852'><subfield code='c'>HD</subfield><subfield code='h'>N3910</subfield><subfield code='i'>.M98 1992</subfield><subfield code='m'>F</subfield><subfield code='0'>13052021</subfield><subfield code='b'>scsbhl</subfield></datafield><datafield ind1=' ' ind2=' ' tag='876'><subfield code='0'>13052021</subfield><subfield code='a'>18852425</subfield><subfield code='h'> </subfield><subfield code='j'>Available</subfield><subfield code='k'>WID</subfield><subfield code='p'>HWQ52C</subfield><subfield code='x'>Shared</subfield><subfield code='z'>HW</subfield><subfield code='l'>HD</subfield></datafield></record>