
<record><leader>01111cam a2200361 a 4500</leader><controlfield tag='001'>SCSB-14481648</controlfield><controlfield tag='003'>NNC</controlfield><controlfield tag='005'>20220525201809.0</controlfield><controlfield tag='008'>870603s1987    nyua     bc   001 0 eng  </controlfield><controlfield tag='009'>569931</controlfield><datafield ind1=' ' ind2=' ' tag='010'><subfield code='a'>   86028672 </subfield></datafield><datafield ind1=' ' ind2=' ' tag='020'><subfield code='a'>0810913739</subfield></datafield><datafield ind1=' ' ind2=' ' tag='035'><subfield code='a'>(OCoLC)14692679</subfield></datafield><datafield ind1=' ' ind2=' ' tag='035'><subfield code='a'>(OCoLC)ocm14692679</subfield></datafield><datafield ind1=' ' ind2=' ' tag='035'><subfield code='a'>(CStRLIN)NYCG87-B49791</subfield></datafield><datafield ind1=' ' ind2=' ' tag='035'><subfield code='9'>ACM3343CU</subfield></datafield><datafield ind1=' ' ind2=' ' tag='035'><subfield code='a'>(NNC)569931</subfield></datafield><datafield ind1=' ' ind2=' ' tag='035'><subfield code='a'>569931</subfield></datafield><datafield ind1=' ' ind2=' ' tag='040'><subfield code='d'>NhD</subfield><subfield code='d'>CSt</subfield><subfield code='d'>NNC</subfield></datafield><datafield ind1=' ' ind2=' ' tag='043'><subfield code='a'>n-us-dc</subfield></datafield><datafield ind1='0' ind2='0' tag='050'><subfield code='a'>N858.N36</subfield><subfield code='b'>A56 1987</subfield></datafield><datafield ind1='0' ind2=' ' tag='082'><subfield code='a'>704/.042/0740153</subfield><subfield code='2'>19</subfield></datafield><datafield ind1=' ' ind2=' ' tag='090'><subfield code='a'>N858.N36</subfield><subfield code='b'>A56 1987</subfield></datafield><datafield ind1='0' ind2='0' tag='245'><subfield code='a'>National Museum of Women in the Arts.</subfield></datafield><datafield ind1=' ' ind2=' ' tag='260'><subfield code='a'>New York :</subfield><subfield code='b'>Abrams,</subfield><subfield code='c'>1987.</subfield></datafield><datafield ind1=' ' ind2=' ' tag='300'><subfield code='a'>253 pages :</subfield><subfield code='b'>illustrations (some color) ;</subfield><subfield code='c'>31 cm</subfield></datafield><datafield ind1=' ' ind2=' ' tag='336'><subfield code='a'>text</subfield><subfield code='2'>rdacontent</subfield></datafield><datafield ind1=' ' ind2=' ' tag='337'><subfield code='a'>unmediated</subfield><subfield code='2'>rdamedia</subfield></datafield><datafield ind1=' ' ind2=' ' tag='338'><subfield code='a'>volume</subfield><subfield code='2'>rdacarrier</subfield></datafield><datafield ind1=' ' ind2=' ' tag='500'><subfield code='a'>&quot;Times Mirror books.&quot;</subfield></datafield><datafield ind1=' ' ind2=' ' tag='504'><subfield code='a'>Includes bibliographical references and index.</subfield></datafield><datafield ind1=' ' ind2='0' tag='650'><subfield code='a'>Art</subfield><subfield code='z'>Washington (D.C.)</subfield><subfield code='v'>Catalogs.</subfield><subfield code='0'>http://id.loc.gov/authorities/subjects/sh2007101385</subfield></datafield><datafield ind1='2' ind2='0' tag='610'><subfield code='a'>National Museum of Women in the Arts (U.S.)</subfield><subfield code='v'>Catalogs.</subfield></datafield><datafield ind1=' ' ind2=' ' tag='901'><subfield code='a'>db218c83-5b8d-491a-b999-910766238a29</subfield><subfield code='b'>29</subfield><subfield code='c'>false</subfield></datafield><datafield ind1='8' ind2='0' tag='852'><subfield code='h'>N1000 W2N21 N21</subfield><subfield code='0'>15455639</subfield><subfield code='b'>scsbcul</subfield></datafield><datafield ind1=' ' ind2=' ' tag='876'><subfield code='0'>15455639</subfield><subfield code='a'>22030540</subfield><subfield code='h'>In Library Use</subfield><subfield code='j'>Available</subfield><subfield code='p'>AR75022354</subfield><subfield code='t'>1</subfield><subfield code='x'>Open</subfield><subfield code='z'>AR</subfield><subfield code='l'>RECAP</subfield></datafield></record>