
<record><leader>01168cam a2200313 a 4500</leader><controlfield tag='001'>SCSB-12320612</controlfield><controlfield tag='005'>20020606104010.5</controlfield><controlfield tag='008'>000222s2000    nyua     bc   001 0 eng  </controlfield><controlfield tag='009'>990085209700203941</controlfield><datafield ind1=' ' ind2=' ' tag='010'><subfield code='a'>^^^00101340^</subfield></datafield><datafield ind1=' ' ind2=' ' tag='020'><subfield code='a'>0847822907</subfield></datafield><datafield ind1=' ' ind2=' ' tag='020'><subfield code='a'>0847823253 (pbk.)</subfield></datafield><datafield ind1=' ' ind2=' ' tag='035'><subfield code='a'>(OCoLC)45862176</subfield><subfield code='z'>(OCoLC)45402088</subfield><subfield code='z'>(OCoLC)1008397754</subfield></datafield><datafield ind1=' ' ind2=' ' tag='040'><subfield code='a'>DLC</subfield><subfield code='c'>DLC</subfield><subfield code='d'>DLC</subfield><subfield code='d'>MH-FA</subfield></datafield><datafield ind1=' ' ind2=' ' tag='043'><subfield code='a'>n-us---</subfield><subfield code='a'>n-us-dc</subfield></datafield><datafield ind1='0' ind2='0' tag='050'><subfield code='a'>N8354</subfield><subfield code='b'>.N38 2000</subfield></datafield><datafield ind1='0' ind2='0' tag='082'><subfield code='a'>704/.042/074753</subfield><subfield code='2'>21</subfield></datafield><datafield ind1='2' ind2=' ' tag='110'><subfield code='a'>National Museum of Women in the Arts (U.S.)</subfield></datafield><datafield ind1='1' ind2='0' tag='245'><subfield code='a'>Women artists :</subfield><subfield code='b'>works from the National Museum of Women in the Arts /</subfield><subfield code='c'>Nancy Heller ; contributors, Susan Fisher Sterling ... [et al.].</subfield></datafield><datafield ind1=' ' ind2=' ' tag='260'><subfield code='a'>Washington, D.C. :</subfield><subfield code='a'>National Museum of Women in the Arts ;</subfield><subfield code='a'>New York :</subfield><subfield code='b'>Rizzoli International Publications,</subfield><subfield code='c'>2000.</subfield></datafield><datafield ind1=' ' ind2=' ' tag='300'><subfield code='a'>239 p. :</subfield><subfield code='b'>ill. (some col.) ;</subfield><subfield code='c'>32 cm.</subfield></datafield><datafield ind1=' ' ind2=' ' tag='504'><subfield code='a'>Includes bibliographical references (p. 224-230) and index.</subfield></datafield><datafield ind1='0' ind2=' ' tag='505'><subfield code='a'>16th-and-17th century Europe -- 18th-century Europe -- 19th-Century Europe -- 19th-Century North America -- 20th-century Europe -- Early-20th-century North America -- Late-20th-century North America -- Artists&apos; books.</subfield></datafield><datafield ind1=' ' ind2=' ' tag='520'><subfield code='a'>Written by best-selling author and art historian Nancy G. Heller and featuring the most noteworthy artists and key works of the National Museum of Women in the Arts, Women Artists: Works from the National Museum of Women in the Arts is an illustrated history of five centuries of art and the most important publication yet to come from this preeminent museum in Washington, D.C.</subfield></datafield><datafield ind1=' ' ind2=' ' tag='520'><subfield code='a'>This beautifully designed volume is an accessible, comprehensive treasure that spans art history from the Renaissance to the present, featuring eighty-six women artists from around the world. The book is divided into seven sections representing chronological and regional groupings. Each section contains an introductory essay that places the works in historical context to provide an overview of the social and political forces that shaped the eras and regions in which the works were created. Also included is a section on artists&apos; books.</subfield></datafield><datafield ind1=' ' ind2=' ' tag='520'><subfield code='a'>In addition to illustrating the works in full color, Women Artists offers a portrait of each artist, a brief biographical essay with a discussion of her work, and a description of the piece shown. Endnotes and a complete listing of the artists whose works constitute the museum&apos;s 2,600 holdings are provided as well. With its dynamic design, clear organization, and authoritative stature as a publication of the National Museum of Women in the Arts, Women Artists invites readers to explore the individual visions of some of the world&apos;s most creative women.</subfield></datafield><datafield ind1='2' ind2='0' tag='610'><subfield code='a'>National Museum of Women in the Arts (U.S.)</subfield><subfield code='v'>Catalogs.</subfield></datafield><datafield ind1=' ' ind2='0' tag='650'><subfield code='a'>Women artists</subfield><subfield code='v'>Catalogs.</subfield></datafield><datafield ind1=' ' ind2='0' tag='650'><subfield code='a'>Art</subfield><subfield code='z'>Washington (D.C.)</subfield><subfield code='v'>Catalogs</subfield></datafield><datafield ind1=' ' ind2='7' tag='655'><subfield code='a'>Catalogs</subfield><subfield code='2'>fast</subfield></datafield><datafield ind1=' ' ind2='7' tag='655'><subfield code='a'>Catalogs.</subfield><subfield code='2'>fast</subfield><subfield code='0'>(OCoLC)fst01423692</subfield></datafield><datafield ind1=' ' ind2='7' tag='655'><subfield code='a'>Exhibition catalogs.</subfield><subfield code='2'>lcgft</subfield></datafield><datafield ind1='1' ind2=' ' tag='700'><subfield code='a'>Heller, Nancy</subfield></datafield><datafield ind1='1' ind2=' ' tag='700'><subfield code='a'>Sterling, Susan Fisher.</subfield></datafield><datafield ind1='2' ind2=' ' tag='710'><subfield code='a'>Rizzoli International Publications</subfield><subfield code='e'>publisher.</subfield></datafield><datafield ind1=' ' ind2=' ' tag='752'><subfield code='a'>United States</subfield><subfield code='b'>New York (State)</subfield><subfield code='d'>New York (N.Y.),</subfield><subfield code='e'>publication place.</subfield></datafield><datafield ind1='0' ind2='8' tag='776'><subfield code='i'>Online version:</subfield><subfield code='a'>National Museum of Women in the Arts (U.S.).</subfield><subfield code='t'>Women artists.</subfield><subfield code='d'>Washington, D.C. : National Museum of Women in the Arts ; New York : Rizzoli International Publications, 2000</subfield><subfield code='w'>(OCoLC)604253481</subfield></datafield><datafield ind1='1' ind2=' ' tag='583'><subfield code='a'>committed to retain</subfield><subfield code='c'>20181001</subfield><subfield code='d'>in perpetuity</subfield><subfield code='f'>ReCAP Shared Collection</subfield><subfield code='5'>HUL</subfield><subfield code='8'>222064486470003941</subfield></datafield><datafield ind1='0' ind2=' ' tag='852'><subfield code='c'>HD</subfield><subfield code='h'>N8354</subfield><subfield code='i'>.N38 2000</subfield><subfield code='m'>F</subfield><subfield code='0'>13155158</subfield><subfield code='b'>scsbhl</subfield></datafield><datafield ind1=' ' ind2=' ' tag='876'><subfield code='0'>13155158</subfield><subfield code='a'>18959357</subfield><subfield code='h'> </subfield><subfield code='j'>Available</subfield><subfield code='k'>WID</subfield><subfield code='p'>HXBRQ4</subfield><subfield code='x'>Shared</subfield><subfield code='z'>HW</subfield><subfield code='l'>HD</subfield></datafield></record>