
<record><leader>00000nam  2200229u  4500</leader><controlfield tag='001'>SCSB-6890947</controlfield><controlfield tag='003'>OCoLC</controlfield><controlfield tag='005'>20000629185840.0</controlfield><controlfield tag='008'>970521s1951    enk      b    000 0 eng dnamK  </controlfield><controlfield tag='009'>.b130822693</controlfield><datafield ind1='2' ind2=' ' tag='110'><subfield code='a'>Imperial War Museum (Great Britain)</subfield></datafield><datafield ind1=' ' ind2='0' tag='650'><subfield code='a'>World War, 1939-1945</subfield><subfield code='x'>Women</subfield><subfield code='v'>Bibliography.</subfield></datafield><datafield ind1=' ' ind2=' ' tag='260'><subfield code='a'>[London,</subfield><subfield code='c'>1951]</subfield></datafield><datafield ind1=' ' ind2=' ' tag='300'><subfield code='a'>15 p.</subfield><subfield code='c'>33 cm.</subfield></datafield><datafield ind1='1' ind2='4' tag='245'><subfield code='a'>The women&apos;s part in the Second World War;</subfield><subfield code='b'>a selection of references.</subfield></datafield><datafield ind1=' ' ind2=' ' tag='040'><subfield code='a'>NYP</subfield><subfield code='c'>NYP</subfield><subfield code='d'>WaOLN</subfield></datafield><datafield ind1=' ' ind2=' ' tag='049'><subfield code='a'>NYPG</subfield></datafield><datafield ind1=' ' ind2=' ' tag='946'><subfield code='a'>r</subfield></datafield><datafield ind1=' ' ind2=' ' tag='997'><subfield code='a'>hg</subfield><subfield code='b'>11-15-00</subfield><subfield code='c'>m</subfield><subfield code='d'>a</subfield><subfield code='e'>-</subfield><subfield code='f'>eng</subfield><subfield code='g'>enk</subfield><subfield code='h'>4</subfield></datafield><datafield ind1=' ' ind2=' ' tag='910'><subfield code='a'>RL</subfield></datafield><datafield ind1='0' ind2='0' tag='907'><subfield code='a'>.b130822693</subfield></datafield><datafield ind1=' ' ind2=' ' tag='035'><subfield code='a'>(OCoLC)36947552</subfield></datafield><datafield ind1='8' ind2=' ' tag='852'><subfield code='h'>G-10 140</subfield><subfield code='0'>6975829</subfield><subfield code='b'>scsbnypl</subfield></datafield><datafield ind1=' ' ind2=' ' tag='876'><subfield code='0'>6975829</subfield><subfield code='a'>11141335</subfield><subfield code='h'>In Library Use</subfield><subfield code='j'>Available</subfield><subfield code='p'>33433004961342</subfield><subfield code='t'>1</subfield><subfield code='x'>Open</subfield><subfield code='z'>NA</subfield><subfield code='l'>RECAP</subfield></datafield></record>