
<record><leader>01332cam a2200313 i 4500</leader><controlfield tag='001'>SCSB-3314505</controlfield><controlfield tag='003'>NNC</controlfield><controlfield tag='005'>20220608224026.0</controlfield><controlfield tag='008'>751021s1975    paua     bc   000 0 eng  </controlfield><controlfield tag='009'>1741929</controlfield><datafield ind1=' ' ind2=' ' tag='010'><subfield code='a'>   75024692 </subfield></datafield><datafield ind1=' ' ind2=' ' tag='035'><subfield code='a'>(OCoLC)ocm01859684</subfield></datafield><datafield ind1=' ' ind2=' ' tag='035'><subfield code='9'>ALF2972CU</subfield></datafield><datafield ind1=' ' ind2=' ' tag='035'><subfield code='a'>1741929</subfield></datafield><datafield ind1=' ' ind2=' ' tag='040'><subfield code='a'>DLC</subfield><subfield code='c'>DLC</subfield><subfield code='d'>ZCU</subfield></datafield><datafield ind1=' ' ind2=' ' tag='043'><subfield code='a'>n-us---</subfield></datafield><datafield ind1='0' ind2='0' tag='050'><subfield code='a'>N6512</subfield><subfield code='b'>.B716 1975</subfield></datafield><datafield ind1='0' ind2=' ' tag='082'><subfield code='a'>741.6/0973/074014814</subfield></datafield><datafield ind1='2' ind2=' ' tag='110'><subfield code='a'>Brandywine River Museum.</subfield><subfield code='0'>http://id.loc.gov/authorities/names/n79082360</subfield></datafield><datafield ind1='1' ind2='0' tag='245'><subfield code='a'>Women artists in the Howard Pyle tradition :</subfield><subfield code='b'>a catalogue presented in connection with the exhibition at the Brandywine River Museum of the Tri-County Conservancy of the Brandywine, Chadds Ford, Pennsylvania, September 6 through November 23, 1975.</subfield></datafield><datafield ind1=' ' ind2=' ' tag='260'><subfield code='a'>[Chadds Ford, Pa.] :</subfield><subfield code='b'>[The Museum],</subfield><subfield code='c'>[1975]</subfield></datafield><datafield ind1=' ' ind2=' ' tag='300'><subfield code='a'>28 pages :</subfield><subfield code='b'>illustrations ;</subfield><subfield code='c'>20 cm</subfield></datafield><datafield ind1=' ' ind2=' ' tag='336'><subfield code='a'>text</subfield><subfield code='b'>txt</subfield><subfield code='2'>rdacontent</subfield></datafield><datafield ind1=' ' ind2=' ' tag='337'><subfield code='a'>unmediated</subfield><subfield code='b'>n</subfield><subfield code='2'>rdamedia</subfield></datafield><datafield ind1=' ' ind2=' ' tag='504'><subfield code='a'>Includes bibliographical references.</subfield></datafield><datafield ind1=' ' ind2='0' tag='650'><subfield code='a'>Art, American</subfield><subfield code='v'>Exhibitions.</subfield><subfield code='0'>http://id.loc.gov/authorities/subjects/sh2007101386</subfield></datafield><datafield ind1=' ' ind2='0' tag='650'><subfield code='a'>Art, American</subfield><subfield code='y'>20th century</subfield><subfield code='v'>Exhibitions.</subfield><subfield code='0'>http://id.loc.gov/authorities/subjects/sh2007101376</subfield></datafield><datafield ind1=' ' ind2='0' tag='650'><subfield code='a'>Women artists</subfield><subfield code='z'>United States.</subfield><subfield code='0'>http://id.loc.gov/authorities/subjects/sh86003835</subfield></datafield><datafield ind1='8' ind2='0' tag='852'><subfield code='h'>N6530 P5 B73</subfield><subfield code='0'>3298185</subfield><subfield code='b'>scsbcul</subfield></datafield><datafield ind1=' ' ind2=' ' tag='876'><subfield code='0'>3298185</subfield><subfield code='a'>5016203</subfield><subfield code='h'>In Library Use</subfield><subfield code='j'>Available</subfield><subfield code='p'>AR52462692</subfield><subfield code='t'>1</subfield><subfield code='x'>Shared</subfield><subfield code='z'>AR</subfield><subfield code='l'>RECAP</subfield></datafield></record>