
<record><leader>00000cam a22003498a 4500</leader><controlfield tag='001'>SCSB-10023219</controlfield><controlfield tag='005'>20101006110230.0</controlfield><controlfield tag='008'>100614s2010    gw a          000 0 eng  </controlfield><controlfield tag='009'>990125814180203941</controlfield><datafield ind1=' ' ind2=' ' tag='015'><subfield code='a'>GBB073998</subfield><subfield code='2'>bnb</subfield></datafield><datafield ind1='7' ind2=' ' tag='016'><subfield code='a'>015579265</subfield><subfield code='2'>Uk</subfield></datafield><datafield ind1=' ' ind2=' ' tag='020'><subfield code='a'>9783865607966 (pbk.)</subfield></datafield><datafield ind1=' ' ind2=' ' tag='020'><subfield code='a'>3865607969 (pbk.)</subfield></datafield><datafield ind1=' ' ind2=' ' tag='035'><subfield code='a'>(OCoLC)642292121</subfield></datafield><datafield ind1=' ' ind2=' ' tag='040'><subfield code='a'>UKM</subfield><subfield code='c'>UKM</subfield><subfield code='d'>OHX</subfield><subfield code='d'>HLS</subfield></datafield><datafield ind1='0' ind2=' ' tag='041'><subfield code='a'>eng</subfield><subfield code='a'>ger</subfield></datafield><datafield ind1=' ' ind2='4' tag='050'><subfield code='a'>N6888.J36</subfield><subfield code='b'>.A4 2010</subfield></datafield><datafield ind1='0' ind2='4' tag='082'><subfield code='a'>707.4</subfield><subfield code='2'>22</subfield></datafield><datafield ind1='1' ind2=' ' tag='100'><subfield code='a'>Jankowski, Christian,</subfield><subfield code='d'>1968-</subfield></datafield><datafield ind1='1' ind2='0' tag='245'><subfield code='a'>Strip the auctioneer at Christie&apos;s /</subfield><subfield code='c'>[Christian Jankowski ; texts by Elke Gruhn ... [et al.]].</subfield></datafield><datafield ind1='3' ind2=' ' tag='246'><subfield code='a'>Christian Jankowski, Strip the auctioneer at Christies&apos;s</subfield></datafield><datafield ind1=' ' ind2=' ' tag='260'><subfield code='a'>Köln ;</subfield><subfield code='a'>London :</subfield><subfield code='b'>Walther König,</subfield><subfield code='c'>2010.</subfield></datafield><datafield ind1=' ' ind2=' ' tag='300'><subfield code='a'>[96] p. :</subfield><subfield code='b'>ill. (some col.) ;</subfield><subfield code='c'>27 cm.</subfield></datafield><datafield ind1=' ' ind2=' ' tag='500'><subfield code='a'>Cover title.</subfield></datafield><datafield ind1=' ' ind2=' ' tag='546'><subfield code='a'>Text in English and German.</subfield></datafield><datafield ind1='1' ind2='0' tag='600'><subfield code='a'>Jankowski, Christian,</subfield><subfield code='d'>1968-</subfield></datafield><datafield ind1=' ' ind2='0' tag='650'><subfield code='a'>Art auctions.</subfield></datafield><datafield ind1=' ' ind2='7' tag='655'><subfield code='a'>Catalogs</subfield><subfield code='2'>fast</subfield><subfield code='0'>(OCoLC)fst01423692</subfield></datafield><datafield ind1='1' ind2=' ' tag='700'><subfield code='a'>Gruhn, Elke.</subfield></datafield><datafield ind1='0' ind2='8' tag='776'><subfield code='i'>Online version:</subfield><subfield code='a'>Jankowski, Christian, 1968-</subfield><subfield code='t'>Strip the auctioneer at Christie&apos;s.</subfield><subfield code='d'>Köln ; London : Walther König, 2010</subfield><subfield code='w'>(OCoLC)1030774797</subfield></datafield><datafield ind1='1' ind2=' ' tag='583'><subfield code='a'>committed to retain</subfield><subfield code='c'>20181001</subfield><subfield code='d'>in perpetuity</subfield><subfield code='f'>ReCAP Shared Collection</subfield><subfield code='5'>HUL</subfield><subfield code='8'>222131590150003941</subfield></datafield><datafield ind1='8' ind2=' ' tag='852'><subfield code='c'>HD</subfield><subfield code='0'>10769463</subfield><subfield code='b'>scsbhl</subfield></datafield><datafield ind1=' ' ind2=' ' tag='876'><subfield code='0'>10769463</subfield><subfield code='a'>16467201</subfield><subfield code='h'> </subfield><subfield code='j'>Available</subfield><subfield code='k'>FAL</subfield><subfield code='p'>32044048134423</subfield><subfield code='x'>Shared</subfield><subfield code='z'>FL</subfield><subfield code='l'>HD</subfield></datafield></record>