
<record><leader>00604nam a2200193Ia 4500</leader><controlfield tag='001'>SCSB-10393636</controlfield><controlfield tag='005'>20020606095253.2</controlfield><controlfield tag='008'>940310s1974    un a          000 0 ukr d</controlfield><controlfield tag='009'>990052268390203941</controlfield><datafield ind1=' ' ind2=' ' tag='035'><subfield code='a'>(OCoLC)29941552</subfield><subfield code='z'>(OCoLC)80689080</subfield><subfield code='z'>(OCoLC)227337419</subfield></datafield><datafield ind1=' ' ind2=' ' tag='040'><subfield code='a'>IUL</subfield><subfield code='c'>IUL</subfield><subfield code='d'>HFL</subfield></datafield><datafield ind1=' ' ind2='4' tag='050'><subfield code='a'>N7255.U473</subfield><subfield code='b'>K3836 1974</subfield></datafield><datafield ind1=' ' ind2='4' tag='050'><subfield code='a'>ND955.U33</subfield><subfield code='b'>K2</subfield></datafield><datafield ind1='1' ind2=' ' tag='100'><subfield code='a'>Nimenko, Andriĭ.</subfield></datafield><datafield ind1='1' ind2='0' tag='245'><subfield code='a'>Vasylʹ Kasii︠a︡n :</subfield><subfield code='b'>rozmova z khudoz︠h︡nykom /</subfield><subfield code='c'>Andriĭ Nimenko.</subfield></datafield><datafield ind1=' ' ind2=' ' tag='260'><subfield code='a'>Kyïv :</subfield><subfield code='b'>&quot;Ukraïna&quot;,</subfield><subfield code='c'>1974.</subfield></datafield><datafield ind1=' ' ind2=' ' tag='300'><subfield code='a'>44 p. :</subfield><subfield code='b'>ill. ;</subfield><subfield code='c'>18 cm.</subfield></datafield><datafield ind1=' ' ind2=' ' tag='504'><subfield code='a'>Includes bibliographical references.</subfield></datafield><datafield ind1='1' ind2='0' tag='600'><subfield code='a'>Kasii︠a︡n, Vasylʹ Illʹich,</subfield><subfield code='d'>1896-1976.</subfield></datafield><datafield ind1='1' ind2=' ' tag='583'><subfield code='a'>committed to retain</subfield><subfield code='c'>20181001</subfield><subfield code='d'>in perpetuity</subfield><subfield code='f'>ReCAP Shared Collection</subfield><subfield code='5'>HUL</subfield><subfield code='8'>221941228750003941</subfield></datafield><datafield ind1='7' ind2=' ' tag='852'><subfield code='2'>ZHCL</subfield><subfield code='c'>HD</subfield><subfield code='h'>FA6261.943.308</subfield><subfield code='0'>11167161</subfield><subfield code='b'>scsbhl</subfield></datafield><datafield ind1=' ' ind2=' ' tag='876'><subfield code='0'>11167161</subfield><subfield code='a'>16890937</subfield><subfield code='h'> </subfield><subfield code='j'>Available</subfield><subfield code='k'>FAL</subfield><subfield code='p'>FL1TXU</subfield><subfield code='x'>Shared</subfield><subfield code='z'>FL</subfield><subfield code='l'>HD</subfield></datafield></record>