
<record><leader>00909nam a2200253Ia 4500</leader><controlfield tag='001'>SCSB-10368578</controlfield><controlfield tag='005'>20020606095253.2</controlfield><controlfield tag='008'>811211s1976    un c     b    001 0 ukrrd</controlfield><controlfield tag='009'>990050705590203941</controlfield><datafield ind1=' ' ind2=' ' tag='035'><subfield code='a'>(OCoLC)7990938</subfield></datafield><datafield ind1=' ' ind2=' ' tag='040'><subfield code='a'>WAU</subfield><subfield code='c'>WAU</subfield><subfield code='d'>HFL</subfield></datafield><datafield ind1=' ' ind2='4' tag='050'><subfield code='a'>Z8460.837</subfield><subfield code='b'>.V27</subfield></datafield><datafield ind1='0' ind2='0' tag='245'><subfield code='a'>Vasyl&apos; Kasii︠a︡n :</subfield><subfield code='b'>bibliohrafichnyĭ pokazhchyk /</subfield><subfield code='c'>uklav S.P. Kosti︠u︡k.</subfield></datafield><datafield ind1=' ' ind2=' ' tag='260'><subfield code='a'>L&apos;viv :</subfield><subfield code='b'>Akademii︠a︡ nauk Ukraïns&apos;koï RSR. L&apos;vivs&apos;ka naukova biblioteka im. V. Stefanyka,</subfield><subfield code='c'>1976.</subfield></datafield><datafield ind1=' ' ind2=' ' tag='300'><subfield code='a'>166 p. :</subfield><subfield code='b'>port. ;</subfield><subfield code='c'>21 cm.</subfield></datafield><datafield ind1=' ' ind2=' ' tag='500'><subfield code='a'>Includes index.</subfield></datafield><datafield ind1=' ' ind2=' ' tag='500'><subfield code='a'>Added t.p. in Russian: Vasilii Kasiian.</subfield></datafield><datafield ind1=' ' ind2=' ' tag='500'><subfield code='a'>Ukrainian or Russian.</subfield></datafield><datafield ind1=' ' ind2=' ' tag='500'><subfield code='a'>Limited ed., 500 copies.</subfield></datafield><datafield ind1='1' ind2='0' tag='600'><subfield code='a'>Kasii︠a︡n, Vasylʹ Illich,</subfield><subfield code='d'>1896-1976</subfield><subfield code='v'>Bibliography.</subfield></datafield><datafield ind1=' ' ind2='7' tag='655'><subfield code='a'>Bibliographies</subfield><subfield code='2'>fast</subfield><subfield code='0'>(OCoLC)fst01919895</subfield></datafield><datafield ind1='1' ind2=' ' tag='700'><subfield code='a'>Kosti︠u︡k, S. P.</subfield></datafield><datafield ind1='1' ind2=' ' tag='700'><subfield code='a'>Sanot︠s︡ʹka, Kh. I.</subfield></datafield><datafield ind1='2' ind2=' ' tag='710'><subfield code='a'>Akademii︠a︡ nauk Ukraïnsʹkoï RSR.</subfield><subfield code='b'>Biblioteka.</subfield></datafield><datafield ind1='1' ind2=' ' tag='583'><subfield code='a'>committed to retain</subfield><subfield code='c'>20181001</subfield><subfield code='d'>in perpetuity</subfield><subfield code='f'>ReCAP Shared Collection</subfield><subfield code='5'>HUL</subfield><subfield code='8'>221936324150003941</subfield></datafield><datafield ind1='7' ind2=' ' tag='852'><subfield code='2'>ZHCL</subfield><subfield code='c'>HD</subfield><subfield code='h'>FA6261.943.300</subfield><subfield code='0'>11140210</subfield><subfield code='b'>scsbhl</subfield></datafield><datafield ind1=' ' ind2=' ' tag='876'><subfield code='0'>11140210</subfield><subfield code='a'>16862579</subfield><subfield code='h'> </subfield><subfield code='j'>Available</subfield><subfield code='k'>FAL</subfield><subfield code='p'>FL1TXQ</subfield><subfield code='x'>Shared</subfield><subfield code='z'>FL</subfield><subfield code='l'>HD</subfield></datafield></record>