
<record><leader>01079nam a2200325 i 4500</leader><controlfield tag='001'>SCSB-2471356</controlfield><controlfield tag='003'>NNC</controlfield><controlfield tag='005'>20220519022031.0</controlfield><controlfield tag='008'>800215s1978    un a     b    000 0 ukrr </controlfield><controlfield tag='009'>440869</controlfield><datafield ind1=' ' ind2=' ' tag='010'><subfield code='a'>   79408921 </subfield></datafield><datafield ind1=' ' ind2=' ' tag='015'><subfield code='a'>USSR***</subfield></datafield><datafield ind1=' ' ind2=' ' tag='020'><subfield code='c'>2.50rub</subfield></datafield><datafield ind1=' ' ind2=' ' tag='035'><subfield code='a'>(OCoLC)ocm05986180</subfield></datafield><datafield ind1=' ' ind2=' ' tag='035'><subfield code='a'>(CStRLIN)NYCG86-B15495</subfield></datafield><datafield ind1=' ' ind2=' ' tag='035'><subfield code='9'>ABY0405CU</subfield></datafield><datafield ind1=' ' ind2=' ' tag='035'><subfield code='a'>(NNC)440869</subfield></datafield><datafield ind1=' ' ind2=' ' tag='035'><subfield code='a'>440869</subfield></datafield><datafield ind1=' ' ind2=' ' tag='040'><subfield code='a'>DLC</subfield><subfield code='c'>IUL</subfield><subfield code='d'>IUL</subfield></datafield><datafield ind1='0' ind2='0' tag='050'><subfield code='a'>NE678.K3</subfield><subfield code='b'>V58</subfield></datafield><datafield ind1='1' ind2=' ' tag='100'><subfield code='a'>Vladych, L. V.</subfield><subfield code='q'>(Leonid Volodymyrovych)</subfield><subfield code='0'>http://id.loc.gov/authorities/names/n82037792</subfield></datafield><datafield ind1='1' ind2='0' tag='245'><subfield code='a'>Vasylʹ Kasii︠a︡n :</subfield><subfield code='b'>pʹi︠a︡tʹ eti︠u︡div pro khudoz︠h︡nyka /</subfield><subfield code='c'>Leonid Vladych.</subfield></datafield><datafield ind1=' ' ind2=' ' tag='260'><subfield code='a'>Kyı̈v :</subfield><subfield code='b'>Mystetstvo,</subfield><subfield code='c'>1978.</subfield></datafield><datafield ind1=' ' ind2=' ' tag='300'><subfield code='a'>172 pages :</subfield><subfield code='b'>illustrations ;</subfield><subfield code='c'>23 cm</subfield></datafield><datafield ind1=' ' ind2=' ' tag='336'><subfield code='a'>text</subfield><subfield code='2'>rdacontent</subfield></datafield><datafield ind1=' ' ind2=' ' tag='337'><subfield code='a'>unmediated</subfield><subfield code='2'>rdamedia</subfield></datafield><datafield ind1=' ' ind2=' ' tag='338'><subfield code='a'>volume</subfield><subfield code='2'>rdacarrier</subfield></datafield><datafield ind1=' ' ind2=' ' tag='500'><subfield code='a'>Ukrainian in Cyrillic script.</subfield></datafield><datafield ind1=' ' ind2=' ' tag='504'><subfield code='a'>Includes bibliographical references.</subfield></datafield><datafield ind1='1' ind2='0' tag='600'><subfield code='a'>Kasii︠a︡n, Vasylʹ Illich,</subfield><subfield code='d'>1896-1976.</subfield><subfield code='0'>http://id.loc.gov/authorities/names/n82119324</subfield></datafield><datafield ind1='8' ind2='0' tag='852'><subfield code='h'>NE676 K151 V84</subfield><subfield code='0'>2445769</subfield><subfield code='b'>scsbcul</subfield></datafield><datafield ind1=' ' ind2=' ' tag='876'><subfield code='0'>2445769</subfield><subfield code='a'>3816525</subfield><subfield code='h'>In Library Use</subfield><subfield code='j'>Available</subfield><subfield code='p'>AR62678124</subfield><subfield code='t'>1</subfield><subfield code='x'>Shared</subfield><subfield code='z'>AR</subfield><subfield code='l'>RECAP</subfield></datafield></record>