
<record><leader>01196cam a2200301Ia 4500</leader><controlfield tag='001'>SCSB-6753344</controlfield><controlfield tag='003'>OCoLC</controlfield><controlfield tag='005'>20131118105454.0</controlfield><controlfield tag='008'>860707s1962    un af         000 0 ukr d</controlfield><controlfield tag='009'>.b199861201</controlfield><datafield ind1=' ' ind2=' ' tag='040'><subfield code='a'>MH-FA</subfield><subfield code='c'>HFL</subfield><subfield code='d'>OCLCG</subfield><subfield code='d'>NYP</subfield></datafield><datafield ind1='0' ind2=' ' tag='041'><subfield code='a'>ukrrus</subfield></datafield><datafield ind1=' ' ind2=' ' tag='049'><subfield code='a'>NYPP</subfield></datafield><datafield ind1='1' ind2=' ' tag='100'><subfield code='a'>Kasi︠i︡an, Vasylʹ Illich,</subfield><subfield code='d'>1896-1976.</subfield></datafield><datafield ind1='1' ind2='0' tag='245'><subfield code='a'>Vasylʼ Illich Kasi︠i︡an /</subfield><subfield code='c'>[avtor peredmovy ta upor︠i︡adnyk H.S. Portnov].</subfield></datafield><datafield ind1=' ' ind2=' ' tag='260'><subfield code='a'>Kyïv :</subfield><subfield code='b'>Der︠z︡h. vyd-vo obrazotvorchoho mystetstvy i muzychnoï lit-ry URSR,</subfield><subfield code='c'>1962.</subfield></datafield><datafield ind1=' ' ind2=' ' tag='300'><subfield code='a'>11 p., [44] leaves of plates :</subfield><subfield code='b'>ill. (some col.) ;</subfield><subfield code='c'>35cm.</subfield></datafield><datafield ind1=' ' ind2=' ' tag='500'><subfield code='a'>Cover title: V.I. Kasi︠i︡an.</subfield></datafield><datafield ind1=' ' ind2=' ' tag='500'><subfield code='a'>Title on added t.p.: Vasiliï Ilʼich Kasi︠i︡an.</subfield></datafield><datafield ind1=' ' ind2=' ' tag='500'><subfield code='a'>Russian and Ukrainian.</subfield></datafield><datafield ind1='1' ind2='0' tag='600'><subfield code='a'>Kasi︠i︡an, Vasylʹ Illich,</subfield><subfield code='d'>1896-1976.</subfield></datafield><datafield ind1='1' ind2=' ' tag='700'><subfield code='a'>Portnov, H. S.</subfield></datafield><datafield ind1='0' ind2=' ' tag='740'><subfield code='a'>V.I. Kasi︠i︡an.</subfield></datafield><datafield ind1='0' ind2=' ' tag='740'><subfield code='a'>Vasiliĭ Ilʼich Kasi︠i︡an.</subfield></datafield><datafield ind1=' ' ind2=' ' tag='907'><subfield code='a'>.b199861201</subfield><subfield code='c'>m</subfield><subfield code='d'>a</subfield><subfield code='e'>-</subfield><subfield code='f'>ukr</subfield><subfield code='g'>un</subfield><subfield code='h'>0</subfield><subfield code='i'>1</subfield></datafield><datafield ind1=' ' ind2=' ' tag='035'><subfield code='a'>(OCoLC)82788645</subfield></datafield><datafield ind1='8' ind2=' ' tag='852'><subfield code='h'>*QGA+ (Portnov, N. Vasyl Illich Kasiian)</subfield><subfield code='0'>6835517</subfield><subfield code='b'>scsbnypl</subfield></datafield><datafield ind1=' ' ind2=' ' tag='876'><subfield code='0'>6835517</subfield><subfield code='a'>10996618</subfield><subfield code='j'>Available</subfield><subfield code='p'>33433002228694</subfield><subfield code='t'>1</subfield><subfield code='x'>Shared</subfield><subfield code='z'>NA</subfield><subfield code='l'>RECAP</subfield></datafield></record>