
<record><leader>00494nam a22001577u 4500</leader><controlfield tag='001'>SCSB-11842589</controlfield><controlfield tag='005'>20100823114621.0</controlfield><controlfield tag='008'>910517s1963    unra     b   |000|0|ukr|d</controlfield><controlfield tag='009'>990021957400203941</controlfield><datafield ind1=' ' ind2=' ' tag='035'><subfield code='a'>(OCoLC)78835514</subfield></datafield><datafield ind1=' ' ind2=' ' tag='043'><subfield code='a'>e-un---</subfield></datafield><datafield ind1='1' ind2=' ' tag='100'><subfield code='a'>Kasii͡an, Vasylʹ Illich,</subfield><subfield code='d'>1896-1976.</subfield></datafield><datafield ind1='1' ind2='0' tag='245'><subfield code='a'>Mystet͡stvo hrafiky /</subfield><subfield code='c'>Vasylʹ Kasii͡an.</subfield></datafield><datafield ind1=' ' ind2=' ' tag='250'><subfield code='a'>2-e dopovnene vyd.</subfield></datafield><datafield ind1=' ' ind2=' ' tag='260'><subfield code='a'>Kyïv :</subfield><subfield code='b'>Derz͡havne vyd-vo obrazotvorchoho mystet͡stva i muzychnoï literatury URSR,</subfield><subfield code='c'>1963.</subfield></datafield><datafield ind1=' ' ind2=' ' tag='300'><subfield code='a'>43 p., [12] p. of plates :</subfield><subfield code='b'>ill. ;</subfield><subfield code='c'>21 cm.</subfield></datafield><datafield ind1='0' ind2=' ' tag='490'><subfield code='a'>Bibliotechka z pytanʹ mystet͡stva</subfield></datafield><datafield ind1=' ' ind2=' ' tag='504'><subfield code='a'>Includes bibliographical references.</subfield></datafield><datafield ind1=' ' ind2='0' tag='650'><subfield code='a'>Graphic arts</subfield><subfield code='z'>Ukraine.</subfield></datafield><datafield ind1=' ' ind2='0' tag='830'><subfield code='a'>Bibliotechka z pytanʹ mystet͡stva</subfield></datafield><datafield ind1='1' ind2=' ' tag='583'><subfield code='a'>committed to retain</subfield><subfield code='c'>20181001</subfield><subfield code='d'>in perpetuity</subfield><subfield code='f'>ReCAP Shared Collection</subfield><subfield code='5'>HUL</subfield><subfield code='8'>221831291480003941</subfield></datafield><datafield ind1='0' ind2=' ' tag='852'><subfield code='c'>HD</subfield><subfield code='0'>12663238</subfield><subfield code='b'>scsbhl</subfield></datafield><datafield ind1=' ' ind2=' ' tag='876'><subfield code='0'>12663238</subfield><subfield code='a'>18449040</subfield><subfield code='h'> </subfield><subfield code='j'>Available</subfield><subfield code='k'>WID</subfield><subfield code='p'>32044115159519</subfield><subfield code='x'>Shared</subfield><subfield code='z'>HW</subfield><subfield code='l'>HD</subfield></datafield></record>