
<record><leader>00000cam a2200277Ma 4500</leader><controlfield tag='001'>SCSB-12914394</controlfield><controlfield tag='005'>20060921145133.0</controlfield><controlfield tag='008'>060912s2006    un a          000 0 ukrod</controlfield><controlfield tag='009'>990100749670203941</controlfield><datafield ind1=' ' ind2=' ' tag='020'><subfield code='a'>9660103956</subfield></datafield><datafield ind1=' ' ind2=' ' tag='035'><subfield code='a'>(OCoLC)71363459</subfield></datafield><datafield ind1=' ' ind2=' ' tag='040'><subfield code='a'>CSt</subfield><subfield code='c'>STF</subfield></datafield><datafield ind1=' ' ind2=' ' tag='043'><subfield code='a'>e-un---</subfield></datafield><datafield ind1=' ' ind2='4' tag='050'><subfield code='a'>PG3948.S51</subfield><subfield code='b'>K37 2006</subfield></datafield><datafield ind1='1' ind2=' ' tag='100'><subfield code='a'>Kasii͡an, Vasylʹ Illich,</subfield><subfield code='d'>1896-1976.</subfield></datafield><datafield ind1='1' ind2='0' tag='245'><subfield code='a'>Prorok /</subfield><subfield code='c'>Vasylʹ Kasii͡an. Ese / I͡Arema Hoi͡an.</subfield></datafield><datafield ind1=' ' ind2=' ' tag='260'><subfield code='a'>Kyïv :</subfield><subfield code='b'>Veselka,</subfield><subfield code='c'>2006.</subfield></datafield><datafield ind1=' ' ind2=' ' tag='300'><subfield code='a'>429 p. :</subfield><subfield code='b'>col. ill. ;</subfield><subfield code='c'>30 cm.</subfield></datafield><datafield ind1='1' ind2=' ' tag='490'><subfield code='a'>Biblioteka Shevchenkivsʹkoho komitetu</subfield></datafield><datafield ind1=' ' ind2=' ' tag='500'><subfield code='a'>&quot;Literaturno-mystet͡sʹke vydanni͡a&quot;--Colophon.</subfield></datafield><datafield ind1='1' ind2='0' tag='600'><subfield code='a'>Shevchenko, Taras,</subfield><subfield code='d'>1814-1861</subfield><subfield code='v'>Illustrations.</subfield></datafield><datafield ind1='1' ind2='0' tag='600'><subfield code='a'>Shevchenko, Taras,</subfield><subfield code='d'>1814-1861</subfield><subfield code='x'>Criticism and interpretation.</subfield></datafield><datafield ind1='1' ind2='0' tag='600'><subfield code='a'>Kasii͡an, Vasylʹ Illich,</subfield><subfield code='d'>1896-1976.</subfield></datafield><datafield ind1=' ' ind2='7' tag='655'><subfield code='a'>Criticism, interpretation, etc.</subfield><subfield code='2'>fast</subfield><subfield code='0'>(OCoLC)fst01411635</subfield></datafield><datafield ind1=' ' ind2='7' tag='655'><subfield code='a'>Illustrated works</subfield><subfield code='2'>fast</subfield><subfield code='0'>(OCoLC)fst01423873</subfield></datafield><datafield ind1='1' ind2='2' tag='700'><subfield code='a'>Hoi͡an, I͡Arema.</subfield><subfield code='t'>Ese.</subfield></datafield><datafield ind1='0' ind2='2' tag='740'><subfield code='a'>Ese.</subfield></datafield><datafield ind1='0' ind2='8' tag='776'><subfield code='i'>Online version:</subfield><subfield code='a'>Kasii︠a︡n, Vasylʹ Illich, 1896-1976.</subfield><subfield code='t'>Prorok.</subfield><subfield code='d'>Kyïv : Veselka, 2006</subfield><subfield code='w'>(OCoLC)742308121</subfield></datafield><datafield ind1=' ' ind2='0' tag='830'><subfield code='a'>Biblioteka Shevchenkivsʹkoho komitetu.</subfield></datafield><datafield ind1='1' ind2=' ' tag='583'><subfield code='a'>committed to retain</subfield><subfield code='c'>20181001</subfield><subfield code='d'>in perpetuity</subfield><subfield code='f'>ReCAP Shared Collection</subfield><subfield code='5'>HUL</subfield><subfield code='8'>222098490250003941</subfield></datafield><datafield ind1='0' ind2=' ' tag='852'><subfield code='c'>HD</subfield><subfield code='h'>PG3948.S51</subfield><subfield code='i'>K37 2006</subfield><subfield code='0'>13766308</subfield><subfield code='b'>scsbhl</subfield></datafield><datafield ind1=' ' ind2=' ' tag='876'><subfield code='0'>13766308</subfield><subfield code='a'>19596403</subfield><subfield code='h'> </subfield><subfield code='j'>Available</subfield><subfield code='k'>WID</subfield><subfield code='p'>32044089867717</subfield><subfield code='x'>Shared</subfield><subfield code='z'>HW</subfield><subfield code='l'>HD</subfield></datafield></record>