
<record><leader>01229cam a22003014a 4500</leader><controlfield tag='001'>SCSB-5124636</controlfield><controlfield tag='003'>NNC</controlfield><controlfield tag='005'>20221109211649.0</controlfield><controlfield tag='008'>041006s2004    un a     b    000 0aukroc</controlfield><controlfield tag='009'>5042551</controlfield><datafield ind1=' ' ind2=' ' tag='020'><subfield code='a'>966010314X</subfield></datafield><datafield ind1=' ' ind2=' ' tag='035'><subfield code='a'>(OCoLC)ocm56787653</subfield></datafield><datafield ind1=' ' ind2=' ' tag='035'><subfield code='a'>(NNC)5042551</subfield></datafield><datafield ind1=' ' ind2=' ' tag='035'><subfield code='a'>5042551</subfield></datafield><datafield ind1=' ' ind2=' ' tag='040'><subfield code='a'>CSt</subfield><subfield code='c'>STF</subfield></datafield><datafield ind1=' ' ind2=' ' tag='042'><subfield code='a'>pcc</subfield></datafield><datafield ind1=' ' ind2='4' tag='050'><subfield code='a'>N7255.U473</subfield><subfield code='b'>K37 2004</subfield></datafield><datafield ind1='1' ind2=' ' tag='100'><subfield code='a'>Kasii︠a︡n, Vasylʹ Illich,</subfield><subfield code='d'>1896-1976.</subfield><subfield code='0'>http://id.loc.gov/authorities/names/n82119324</subfield></datafield><datafield ind1='1' ind2='0' tag='245'><subfield code='a'>Avtoportret /</subfield><subfield code='c'>Vasylʹ Kasii︠a︡n ; [upori︠a︡dkuvanni︠a︡, pidhotovka tekstu, ili︠u︡strat︠s︡iĭ, peredmova ta pisli︠a︡mova Hoi︠a︡na I︠A︡remy Petrovycha].</subfield></datafield><datafield ind1=' ' ind2=' ' tag='260'><subfield code='a'>Kyïv :</subfield><subfield code='b'>Veselka,</subfield><subfield code='c'>2004.</subfield></datafield><datafield ind1=' ' ind2=' ' tag='300'><subfield code='a'>669 pages :</subfield><subfield code='b'>illustrations (some color) ;</subfield><subfield code='c'>25 cm.</subfield></datafield><datafield ind1=' ' ind2=' ' tag='336'><subfield code='a'>text</subfield><subfield code='b'>txt</subfield><subfield code='2'>rdacontent</subfield></datafield><datafield ind1=' ' ind2=' ' tag='337'><subfield code='a'>unmediated</subfield><subfield code='b'>n</subfield><subfield code='2'>rdamedia</subfield></datafield><datafield ind1='1' ind2=' ' tag='490'><subfield code='a'>Biblioteka Shevchenkivsʹkoho komitetu</subfield></datafield><datafield ind1=' ' ind2=' ' tag='500'><subfield code='a'>&quot;Literaturno-mystet︠s︡ke vydanni︠a︡.&quot;</subfield></datafield><datafield ind1='1' ind2='0' tag='600'><subfield code='a'>Kasii︠a︡n, Vasylʹ Illich,</subfield><subfield code='d'>1896-1976.</subfield><subfield code='0'>http://id.loc.gov/authorities/names/n82119324</subfield></datafield><datafield ind1='1' ind2=' ' tag='700'><subfield code='a'>Hoi︠a︡n, I︠A︡rema.</subfield><subfield code='0'>http://id.loc.gov/authorities/names/n78047279</subfield></datafield><datafield ind1=' ' ind2='0' tag='830'><subfield code='a'>Biblioteka Shevchenkivsʹkoho komitetu.</subfield></datafield><datafield ind1='0' ind2='0' tag='852'><subfield code='h'>N7255.U473 K37 2004g</subfield><subfield code='0'>5109455</subfield><subfield code='b'>scsbcul</subfield></datafield><datafield ind1=' ' ind2=' ' tag='876'><subfield code='0'>5109455</subfield><subfield code='a'>7667989</subfield><subfield code='h'> </subfield><subfield code='j'>Available</subfield><subfield code='p'>CU11000643</subfield><subfield code='t'>1</subfield><subfield code='x'>Shared</subfield><subfield code='z'>CU</subfield><subfield code='l'>RECAP</subfield></datafield></record>