
<record><leader>00615nam a2200205u  4500</leader><controlfield tag='001'>SCSB-10000655</controlfield><controlfield tag='005'>20020606095253.2</controlfield><controlfield tag='008'>880929s1968    ru            000 0 rusod</controlfield><controlfield tag='009'>990052755390203941</controlfield><datafield ind1=' ' ind2=' ' tag='035'><subfield code='a'>(OCoLC)18546187</subfield></datafield><datafield ind1=' ' ind2=' ' tag='040'><subfield code='a'>WAU</subfield><subfield code='c'>WAU</subfield><subfield code='d'>HFL</subfield></datafield><datafield ind1=' ' ind2=' ' tag='043'><subfield code='a'>e-ur-un</subfield></datafield><datafield ind1=' ' ind2='4' tag='050'><subfield code='a'>NE678.K3</subfield><subfield code='b'>A3</subfield></datafield><datafield ind1='1' ind2=' ' tag='100'><subfield code='a'>Kasii︠a︡n, Vasylʹ Illich,</subfield><subfield code='d'>1896-1976.</subfield></datafield><datafield ind1='1' ind2='0' tag='245'><subfield code='a'>Gravi︠u︡ry Vasilii︠a︡ Kasii︠a︡na.</subfield></datafield><datafield ind1=' ' ind2=' ' tag='260'><subfield code='a'>[Moskva,</subfield><subfield code='b'>Sovetskiĭ khudozhnik,</subfield><subfield code='c'>1968]</subfield></datafield><datafield ind1=' ' ind2=' ' tag='300'><subfield code='a'>15 [98, 6] p.</subfield><subfield code='b'>illus. (part col.)</subfield></datafield><datafield ind1=' ' ind2='0' tag='650'><subfield code='a'>Graphic arts, Ukrainian.</subfield></datafield><datafield ind1=' ' ind2='0' tag='650'><subfield code='a'>Wood-engraving, Ukrainian.</subfield></datafield><datafield ind1='1' ind2='0' tag='600'><subfield code='6'>880-03</subfield><subfield code='a'>Kasii︠a︡n, Vasylʹ Illich,</subfield><subfield code='d'>1896-1976</subfield></datafield><datafield ind1='1' ind2='7' tag='600'><subfield code='a'>Kasii͡an, Vasylʹ Illich,</subfield><subfield code='d'>1896-1976</subfield><subfield code='2'>fast</subfield><subfield code='0'>(OCoLC)fst00098450</subfield><subfield code='1'>https://id.oclc.org/worldcat/entity/E39PBJq6VvHfmFGFTDMK4Xj9jC</subfield></datafield><datafield ind1=' ' ind2='7' tag='648'><subfield code='a'>1900-1999</subfield><subfield code='2'>fast</subfield></datafield><datafield ind1='0' ind2='8' tag='776'><subfield code='i'>Online version:</subfield><subfield code='a'>Kasii︠a︡n, Vasylʹ Illich, 1896-1976.</subfield><subfield code='t'>Gravi︠u︡ry Vasilii︠a︡ Kasii︠a︡na.</subfield><subfield code='d'>[Moskva, Sovetskiĭ khudozhnik, 1968]</subfield><subfield code='w'>(OCoLC)645414285</subfield></datafield><datafield ind1='1' ind2=' ' tag='583'><subfield code='a'>committed to retain</subfield><subfield code='c'>20181001</subfield><subfield code='d'>in perpetuity</subfield><subfield code='f'>ReCAP Shared Collection</subfield><subfield code='5'>HUL</subfield><subfield code='8'>221947026860003941</subfield></datafield><datafield ind1='7' ind2=' ' tag='852'><subfield code='2'>ZHCL</subfield><subfield code='c'>HD</subfield><subfield code='h'>FA6261.943.306</subfield><subfield code='0'>10745158</subfield><subfield code='b'>scsbhl</subfield></datafield><datafield ind1=' ' ind2=' ' tag='876'><subfield code='0'>10745158</subfield><subfield code='a'>16441190</subfield><subfield code='h'> </subfield><subfield code='j'>Available</subfield><subfield code='k'>FAL</subfield><subfield code='p'>FL1TXT</subfield><subfield code='x'>Shared</subfield><subfield code='z'>FL</subfield><subfield code='l'>HD</subfield></datafield></record>