
<record><leader>00702cam a2200229 a 4500</leader><controlfield tag='001'>SCSB-10191508</controlfield><controlfield tag='005'>20020606095253.2</controlfield><controlfield tag='008'>830315s1963    un a     b    000 0 ukro </controlfield><controlfield tag='009'>990052749230203941</controlfield><datafield ind1=' ' ind2=' ' tag='010'><subfield code='a'>^^^82169625^//r932</subfield></datafield><datafield ind1=' ' ind2=' ' tag='035'><subfield code='a'>(MH)005274923HVD01-Aleph</subfield></datafield><datafield ind1=' ' ind2=' ' tag='035'><subfield code='a'>(OCoLC)9392701</subfield></datafield><datafield ind1=' ' ind2=' ' tag='040'><subfield code='a'>DLC</subfield><subfield code='c'>DLC</subfield><subfield code='d'>HFL</subfield></datafield><datafield ind1='0' ind2='0' tag='050'><subfield code='a'>NE678.S43</subfield><subfield code='b'>K37 1963</subfield></datafield><datafield ind1='1' ind2=' ' tag='100'><subfield code='a'>Kasii︠a︡n, Vasylʹ Illich,</subfield><subfield code='d'>1896-1976.</subfield></datafield><datafield ind1='1' ind2='0' tag='245'><subfield code='a'>Mystet︠s︡tvo Tarasa Shevchenka /</subfield><subfield code='c'>V.I. Kasii︠a︡n.</subfield></datafield><datafield ind1=' ' ind2=' ' tag='260'><subfield code='a'>Kyïv :</subfield><subfield code='b'>T-vo &quot;Znanni︠a︡,&quot; Ukr. RSR,</subfield><subfield code='c'>1963.</subfield></datafield><datafield ind1=' ' ind2=' ' tag='300'><subfield code='a'>75, [3] p. :</subfield><subfield code='b'>ill. ;</subfield><subfield code='c'>22 cm.</subfield></datafield><datafield ind1=' ' ind2=' ' tag='504'><subfield code='a'>Bibliography: p. [78]</subfield></datafield><datafield ind1='1' ind2='0' tag='600'><subfield code='a'>Shevchenko, Taras,</subfield><subfield code='d'>1814-1861</subfield></datafield><datafield ind1='0' ind2='8' tag='776'><subfield code='i'>Online version:</subfield><subfield code='a'>Kasii͡an, Vasylʹ Illich, 1896-1976.</subfield><subfield code='t'>Mystet͡stvo Tarasa Shevchenka.</subfield><subfield code='d'>Kyïv : T-vo &quot;Znanni͡a, &quot; Ukr. RSR, 1963</subfield><subfield code='w'>(OCoLC)894431442</subfield></datafield><datafield ind1='1' ind2=' ' tag='583'><subfield code='a'>committed to retain</subfield><subfield code='c'>20181001</subfield><subfield code='d'>in perpetuity</subfield><subfield code='f'>ReCAP Shared Collection</subfield><subfield code='5'>HUL</subfield><subfield code='8'>221947189960003941</subfield></datafield><datafield ind1='7' ind2=' ' tag='852'><subfield code='2'>ZHCL</subfield><subfield code='c'>HD</subfield><subfield code='h'>FA4175.192.53</subfield><subfield code='8'>221947189960003941</subfield><subfield code='0'>10950317</subfield><subfield code='b'>scsbhl</subfield></datafield><datafield ind1=' ' ind2=' ' tag='876'><subfield code='0'>10950317</subfield><subfield code='a'>16660643</subfield><subfield code='j'>Available</subfield><subfield code='k'>FAL</subfield><subfield code='p'>FL1ZGI</subfield><subfield code='x'>Shared</subfield><subfield code='z'>FL</subfield><subfield code='l'>HD</subfield></datafield></record>