
<record><leader>01097cam a2200277 a 4500</leader><controlfield tag='001'>SCSB-6850164</controlfield><controlfield tag='003'>CStRLIN</controlfield><controlfield tag='005'>20000629182055.0</controlfield><controlfield tag='008'>930129s1957    un af    b    000 0dukrod</controlfield><controlfield tag='009'>.b117163272</controlfield><datafield ind1=' ' ind2=' ' tag='010'><subfield code='a'>58045641 //r</subfield></datafield><datafield ind1=' ' ind2=' ' tag='040'><subfield code='c'>MiU</subfield><subfield code='d'>MiU</subfield><subfield code='d'>NN</subfield><subfield code='d'>WaOLN</subfield></datafield><datafield ind1='0' ind2='0' tag='050'><subfield code='a'>NE676.U4</subfield><subfield code='b'>K3</subfield></datafield><datafield ind1='1' ind2=' ' tag='100'><subfield code='a'>Kasi︠i︡an, Vasylʹ Illich,</subfield><subfield code='d'>1896-1976.</subfield></datafield><datafield ind1='1' ind2='0' tag='245'><subfield code='a'>Ukraïnsʹka rad︠i︡ansʹka hrafika /</subfield><subfield code='c'>V. Kasi︠i︡an, ︠I︡U. Turchenko.</subfield></datafield><datafield ind1=' ' ind2=' ' tag='260'><subfield code='a'>Kyïv :</subfield><subfield code='b'>Vyd-vo Akademiï nauk Ukraïnsʹkoï RSR,</subfield><subfield code='c'>1957.</subfield></datafield><datafield ind1=' ' ind2=' ' tag='300'><subfield code='a'>222 p., 91 p. of plates :</subfield><subfield code='b'>ill. ;</subfield><subfield code='c'>23 cm.</subfield></datafield><datafield ind1=' ' ind2=' ' tag='500'><subfield code='a'>On leaf preceding t.p.: Akademi︠i︡a nauk Ukraïnsʹkoï RSR. Instytut mystetstvoznavstva, folʹkloru ta etnohrafiï.</subfield></datafield><datafield ind1=' ' ind2=' ' tag='504'><subfield code='a'>Includes bibliographical references (p. 211-[214])</subfield></datafield><datafield ind1=' ' ind2='0' tag='650'><subfield code='a'>Graphic arts</subfield><subfield code='z'>Ukraine.</subfield></datafield><datafield ind1='1' ind2=' ' tag='700'><subfield code='a'>Turchenko, ︠I︡U.</subfield><subfield code='q'>(︠I︡Uriĭ ︠I︡Akovych)</subfield></datafield><datafield ind1=' ' ind2=' ' tag='907'><subfield code='a'>.b117163272</subfield><subfield code='c'>m</subfield><subfield code='d'>a</subfield><subfield code='e'>-</subfield><subfield code='f'>ukr</subfield><subfield code='g'>un</subfield><subfield code='h'>0</subfield><subfield code='i'>1</subfield></datafield><datafield ind1=' ' ind2=' ' tag='991'><subfield code='y'>23541461</subfield></datafield><datafield ind1=' ' ind2=' ' tag='035'><subfield code='a'>(OCoLC)23541461</subfield></datafield><datafield ind1='8' ind2=' ' tag='852'><subfield code='h'>*QGA 93-472</subfield><subfield code='0'>6933613</subfield><subfield code='b'>scsbnypl</subfield></datafield><datafield ind1=' ' ind2=' ' tag='876'><subfield code='0'>6933613</subfield><subfield code='a'>11155639</subfield><subfield code='j'>Available</subfield><subfield code='p'>33433001631997</subfield><subfield code='t'>1</subfield><subfield code='x'>Shared</subfield><subfield code='z'>NA</subfield><subfield code='l'>RECAP</subfield></datafield></record>