
<record><leader>01020cam a2200313   4500</leader><controlfield tag='001'>SCSB-2217886</controlfield><controlfield tag='003'>NNC</controlfield><controlfield tag='005'>20220518200522.0</controlfield><controlfield tag='008'>821028s1957    ru ac    b    000 0brusx </controlfield><controlfield tag='009'>111996</controlfield><datafield ind1=' ' ind2=' ' tag='010'><subfield code='a'>   58045638 </subfield></datafield><datafield ind1=' ' ind2=' ' tag='035'><subfield code='a'>(OCoLC)21319745</subfield></datafield><datafield ind1=' ' ind2=' ' tag='035'><subfield code='a'>(OCoLC)ocm21319745</subfield></datafield><datafield ind1=' ' ind2=' ' tag='035'><subfield code='a'>(CStRLIN)NYCG82-B54690</subfield></datafield><datafield ind1=' ' ind2=' ' tag='035'><subfield code='9'>AAM9185CU</subfield></datafield><datafield ind1=' ' ind2=' ' tag='035'><subfield code='a'>(NNC)111996</subfield></datafield><datafield ind1=' ' ind2=' ' tag='035'><subfield code='a'>111996</subfield></datafield><datafield ind1=' ' ind2=' ' tag='040'><subfield code='c'>NNC</subfield><subfield code='d'>NNC</subfield></datafield><datafield ind1='0' ind2='0' tag='050'><subfield code='a'>NE678.K3</subfield><subfield code='b'>P6</subfield></datafield><datafield ind1=' ' ind2=' ' tag='090'><subfield code='a'>NE678.K3</subfield><subfield code='b'>P6</subfield></datafield><datafield ind1='1' ind2=' ' tag='100'><subfield code='a'>Portnov, Grigoriĭ Solomonovich.</subfield><subfield code='0'>http://id.loc.gov/authorities/names/no2018022200</subfield></datafield><datafield ind1='1' ind2='0' tag='245'><subfield code='a'>Vasiliĭ Ilʹich Kasii︠a︡n.</subfield></datafield><datafield ind1=' ' ind2=' ' tag='260'><subfield code='a'>Moskva :</subfield><subfield code='b'>Sovetskiĭ khudozhnik,</subfield><subfield code='c'>1957.</subfield></datafield><datafield ind1=' ' ind2=' ' tag='300'><subfield code='a'>112 pages, 2 unnumbered pages :</subfield><subfield code='b'>illustrations (part color), portrait ;</subfield><subfield code='c'>21 cm</subfield></datafield><datafield ind1=' ' ind2=' ' tag='336'><subfield code='a'>text</subfield><subfield code='2'>rdacontent</subfield></datafield><datafield ind1=' ' ind2=' ' tag='337'><subfield code='a'>unmediated</subfield><subfield code='2'>rdamedia</subfield></datafield><datafield ind1=' ' ind2=' ' tag='338'><subfield code='a'>volume</subfield><subfield code='2'>rdacarrier</subfield></datafield><datafield ind1=' ' ind2=' ' tag='504'><subfield code='a'>Bibliography: p. 112-[113].</subfield></datafield><datafield ind1='1' ind2='0' tag='600'><subfield code='a'>Kasii︠a︡n, Vasylʹ Illich,</subfield><subfield code='d'>1896-1976.</subfield><subfield code='0'>http://id.loc.gov/authorities/names/n82119324</subfield></datafield><datafield ind1='8' ind2='0' tag='852'><subfield code='h'>NE676 K151 P83</subfield><subfield code='0'>2186182</subfield><subfield code='b'>scsbcul</subfield></datafield><datafield ind1=' ' ind2=' ' tag='876'><subfield code='0'>2186182</subfield><subfield code='a'>3358394</subfield><subfield code='h'>In Library Use</subfield><subfield code='j'>Available</subfield><subfield code='p'>AR62662260</subfield><subfield code='t'>1</subfield><subfield code='x'>Shared</subfield><subfield code='z'>AR</subfield><subfield code='l'>RECAP</subfield></datafield></record>