
<record><leader>00513nam a2200169u  4500</leader><controlfield tag='001'>SCSB-9892163</controlfield><controlfield tag='005'>20020606163548.3</controlfield><controlfield tag='008'>950328s1960    un            000 0 ukr d</controlfield><controlfield tag='009'>990054645020203941</controlfield><datafield ind1=' ' ind2=' ' tag='035'><subfield code='a'>(OCoLC)81159012</subfield></datafield><datafield ind1=' ' ind2=' ' tag='040'><subfield code='a'>HFL</subfield><subfield code='c'>HFL</subfield></datafield><datafield ind1='1' ind2=' ' tag='100'><subfield code='a'>Shpakov, A.</subfield></datafield><datafield ind1='1' ind2='0' tag='245'><subfield code='a'>Vasilii Il&apos;ich Kasiian.</subfield></datafield><datafield ind1=' ' ind2=' ' tag='260'><subfield code='a'>Kyǐv,</subfield><subfield code='b'>Derzh. vyd-co obrazotvorchoho mystetstva i muzychnoǐ lit-ry URSR,</subfield><subfield code='c'>1960.</subfield></datafield><datafield ind1=' ' ind2=' ' tag='300'><subfield code='a'>31 p.</subfield><subfield code='b'>plates.</subfield></datafield><datafield ind1='1' ind2=' ' tag='700'><subfield code='a'>Kasiian, Vasyl&apos; Illich,</subfield><subfield code='d'>1896-1976.</subfield></datafield><datafield ind1='1' ind2=' ' tag='583'><subfield code='a'>committed to retain</subfield><subfield code='c'>20181001</subfield><subfield code='d'>in perpetuity</subfield><subfield code='f'>ReCAP Shared Collection</subfield><subfield code='5'>HUL</subfield><subfield code='8'>221956052680003941</subfield></datafield><datafield ind1='7' ind2=' ' tag='852'><subfield code='2'>ZHCL</subfield><subfield code='c'>HD</subfield><subfield code='h'>FA6261.943.310</subfield><subfield code='0'>10628914</subfield><subfield code='b'>scsbhl</subfield></datafield><datafield ind1=' ' ind2=' ' tag='876'><subfield code='0'>10628914</subfield><subfield code='a'>16316530</subfield><subfield code='h'> </subfield><subfield code='j'>Available</subfield><subfield code='k'>FAL</subfield><subfield code='p'>FL1TXV</subfield><subfield code='x'>Shared</subfield><subfield code='z'>FL</subfield><subfield code='l'>HD</subfield></datafield></record>