
<record><leader>00482nam a2200157u  4500</leader><controlfield tag='001'>SCSB-11209093</controlfield><controlfield tag='005'>20020606163548.3</controlfield><controlfield tag='008'>960711s1933    un            000 0 ukr d</controlfield><controlfield tag='009'>990069491190203941</controlfield><datafield ind1=' ' ind2=' ' tag='035'><subfield code='a'>(OCoLC)36088025</subfield></datafield><datafield ind1=' ' ind2=' ' tag='040'><subfield code='a'>HLS</subfield><subfield code='c'>HLS</subfield></datafield><datafield ind1=' ' ind2='4' tag='050'><subfield code='a'>PG3948.S78</subfield><subfield code='b'>1933</subfield></datafield><datafield ind1='1' ind2=' ' tag='100'><subfield code='a'>Stefanyk, Vasylʹ Semenovych,</subfield><subfield code='d'>1871-1936</subfield></datafield><datafield ind1='1' ind2='0' tag='245'><subfield code='a'>Tvory.</subfield><subfield code='c'>Z derevorytamy V. Kasiiana i M. Butovycha.</subfield></datafield><datafield ind1=' ' ind2=' ' tag='260'><subfield code='a'>Lʹviv,</subfield><subfield code='b'>[Vydannia Iuvileinoho komitetu]</subfield><subfield code='c'>1933.</subfield></datafield><datafield ind1=' ' ind2=' ' tag='300'><subfield code='a'>222 p.</subfield><subfield code='b'>illus.</subfield></datafield><datafield ind1='1' ind2=' ' tag='700'><subfield code='a'>Butovych, Mykola,</subfield><subfield code='d'>1895-1961</subfield><subfield code='e'>illustrator.</subfield><subfield code='1'>https://id.oclc.org/worldcat/entity/E39PCjBXMq3Jyw6fFrHb7fkyQy</subfield></datafield><datafield ind1='1' ind2=' ' tag='700'><subfield code='a'>Kasiian, Vasylʹ,</subfield><subfield code='e'>illustrator.</subfield></datafield><datafield ind1='1' ind2=' ' tag='583'><subfield code='a'>committed to retain</subfield><subfield code='c'>20181001</subfield><subfield code='d'>in perpetuity</subfield><subfield code='f'>ReCAP Shared Collection</subfield><subfield code='5'>HUL</subfield><subfield code='8'>222002656160003941</subfield></datafield><datafield ind1='7' ind2=' ' tag='852'><subfield code='2'>ZHCL</subfield><subfield code='c'>HD</subfield><subfield code='h'>Slav 5078.5.15</subfield><subfield code='0'>12011230</subfield><subfield code='b'>scsbhl</subfield></datafield><datafield ind1=' ' ind2=' ' tag='876'><subfield code='0'>12011230</subfield><subfield code='a'>17771866</subfield><subfield code='h'> </subfield><subfield code='j'>Available</subfield><subfield code='k'>WID</subfield><subfield code='p'>HNDW1B</subfield><subfield code='x'>Shared</subfield><subfield code='z'>HW</subfield><subfield code='l'>HD</subfield></datafield></record>