
<record><leader>01179cam a2200277Ia 4500</leader><controlfield tag='001'>SCSB-6753318</controlfield><controlfield tag='003'>OCoLC</controlfield><controlfield tag='005'>20131118090548.0</controlfield><controlfield tag='008'>850716s1954    un acf        000 0 ukrod</controlfield><controlfield tag='009'>.b199860798</controlfield><datafield ind1=' ' ind2=' ' tag='040'><subfield code='a'>COD</subfield><subfield code='b'>eng</subfield><subfield code='c'>COD</subfield><subfield code='d'>OCL</subfield><subfield code='d'>OCLCQ</subfield><subfield code='d'>OCLCG</subfield><subfield code='d'>OCLCQ</subfield><subfield code='d'>NYP</subfield></datafield><datafield ind1='0' ind2=' ' tag='041'><subfield code='a'>ukrrus</subfield></datafield><datafield ind1=' ' ind2=' ' tag='049'><subfield code='a'>NYPP</subfield></datafield><datafield ind1=' ' ind2='4' tag='050'><subfield code='a'>ND699.S48</subfield><subfield code='b'>K37</subfield></datafield><datafield ind1='0' ind2='0' tag='245'><subfield code='a'>Shevchenko - khudo︠z︡hnyk :</subfield><subfield code='b'>alʹbom vybranykh tvoriv /</subfield><subfield code='c'>v upor︠i︡adkuvanni alʹboma vz︠i︡aly uchastʹ V.I. Kasi︠i︡an ... [et al.].</subfield></datafield><datafield ind1=' ' ind2=' ' tag='260'><subfield code='a'>Kyïv :</subfield><subfield code='b'>Der︠z︡h. vyd-vo khudo︠z︡h. lit-ry,</subfield><subfield code='c'>1954.</subfield></datafield><datafield ind1=' ' ind2=' ' tag='300'><subfield code='a'>44 p., [130] leaves of plates :</subfield><subfield code='b'>chiefly ill. (some col.), ports. ;</subfield><subfield code='c'>34 cm</subfield></datafield><datafield ind1=' ' ind2=' ' tag='500'><subfield code='a'>Added t.p. in Russian.</subfield></datafield><datafield ind1=' ' ind2=' ' tag='500'><subfield code='a'>Russian and Ukrainian.</subfield></datafield><datafield ind1=' ' ind2=' ' tag='500'><subfield code='a'>Spine title: Alʹbom vybranykh tvoriv.</subfield></datafield><datafield ind1='1' ind2='0' tag='600'><subfield code='a'>Shevchenko, Taras,</subfield><subfield code='d'>1814-1861.</subfield></datafield><datafield ind1='1' ind2=' ' tag='700'><subfield code='a'>Kasi︠i︡an, Vasylʹ Illich,</subfield><subfield code='d'>1896-1976.</subfield></datafield><datafield ind1=' ' ind2=' ' tag='907'><subfield code='a'>.b199860798</subfield><subfield code='c'>m</subfield><subfield code='d'>a</subfield><subfield code='e'>-</subfield><subfield code='f'>ukr</subfield><subfield code='g'>un</subfield><subfield code='h'>0</subfield><subfield code='i'>1</subfield></datafield><datafield ind1=' ' ind2=' ' tag='035'><subfield code='a'>(OCoLC)12268320</subfield></datafield><datafield ind1=' ' ind2=' ' tag='901'><subfield code='a'>3e161c32-e71b-4e07-b76d-c880f3c3fa0b</subfield><subfield code='b'>9</subfield><subfield code='c'>false</subfield></datafield><datafield ind1='8' ind2=' ' tag='852'><subfield code='h'>*QGA+ (Shevchenko - khudozhnyk. Albom vybranykh tvoriv)</subfield><subfield code='0'>6835491</subfield><subfield code='b'>scsbnypl</subfield></datafield><datafield ind1=' ' ind2=' ' tag='876'><subfield code='0'>6835491</subfield><subfield code='a'>10996591</subfield><subfield code='j'>Available</subfield><subfield code='p'>33433002228728</subfield><subfield code='t'>1</subfield><subfield code='x'>Shared</subfield><subfield code='z'>NA</subfield><subfield code='l'>RECAP</subfield></datafield></record>