
<record><leader>02626nam a2200337 a 4500</leader><controlfield tag='001'>SCSB-3711145</controlfield><controlfield tag='003'>NNC</controlfield><controlfield tag='005'>20220616025252.0</controlfield><controlfield tag='008'>981217t19991999miu          s001 0 eng  </controlfield><controlfield tag='009'>2349648</controlfield><datafield ind1=' ' ind2=' ' tag='010'><subfield code='a'>   98049294 </subfield></datafield><datafield ind1=' ' ind2=' ' tag='020'><subfield code='a'>0472110039 (cloth : alk. paper)</subfield></datafield><datafield ind1=' ' ind2=' ' tag='035'><subfield code='a'>(OCoLC)ocm40545373</subfield></datafield><datafield ind1=' ' ind2=' ' tag='035'><subfield code='9'>APM7463CU</subfield></datafield><datafield ind1=' ' ind2=' ' tag='035'><subfield code='a'>2349648</subfield></datafield><datafield ind1=' ' ind2=' ' tag='040'><subfield code='a'>DLC</subfield><subfield code='c'>DLC</subfield><subfield code='d'>YDX</subfield><subfield code='d'>VVC</subfield><subfield code='d'>OrLoB-B</subfield></datafield><datafield ind1=' ' ind2=' ' tag='043'><subfield code='a'>e-uk---</subfield></datafield><datafield ind1='0' ind2='0' tag='050'><subfield code='a'>PR502</subfield><subfield code='b'>.F73 1999</subfield></datafield><datafield ind1='0' ind2='0' tag='082'><subfield code='a'>821.009</subfield><subfield code='2'>21</subfield></datafield><datafield ind1='1' ind2=' ' tag='100'><subfield code='a'>Fraser, Russell A.</subfield><subfield code='0'>http://id.loc.gov/authorities/names/n50025472</subfield></datafield><datafield ind1='1' ind2='0' tag='245'><subfield code='a'>Singing masters :</subfield><subfield code='b'>poets in English, 1500 to the present /</subfield><subfield code='c'>Russell Fraser.</subfield></datafield><datafield ind1=' ' ind2=' ' tag='260'><subfield code='a'>Ann Arbor :</subfield><subfield code='b'>University of Michigan Press,</subfield><subfield code='c'>[1999], ©1999.</subfield></datafield><datafield ind1=' ' ind2=' ' tag='300'><subfield code='a'>viii, 261 pages ;</subfield><subfield code='c'>24 cm</subfield></datafield><datafield ind1=' ' ind2=' ' tag='336'><subfield code='a'>text</subfield><subfield code='b'>txt</subfield><subfield code='2'>rdacontent</subfield></datafield><datafield ind1=' ' ind2=' ' tag='337'><subfield code='a'>unmediated</subfield><subfield code='b'>n</subfield><subfield code='2'>rdamedia</subfield></datafield><datafield ind1=' ' ind2=' ' tag='500'><subfield code='a'>Includes index.</subfield></datafield><datafield ind1='0' ind2='0' tag='505'><subfield code='g'>I.</subfield><subfield code='t'>The Poetry of Innuendoes.</subfield><subfield code='g'>1.</subfield><subfield code='t'>Shakespeare at Sonnets.</subfield><subfield code='g'>2.</subfield><subfield code='t'>Sex and Science in Donne.</subfield><subfield code='g'>3.</subfield><subfield code='t'>Herrick among the Goths.</subfield><subfield code='g'>4.</subfield><subfield code='t'>Wordsworth Pro and Con.</subfield><subfield code='g'>5.</subfield><subfield code='t'>Frost in the Waste Land --</subfield><subfield code='g'>II.</subfield><subfield code='t'>The Poetry of Inflections.</subfield><subfield code='g'>6.</subfield><subfield code='t'>Jonson&apos;s Small Latin and Less Greek.</subfield><subfield code='g'>7.</subfield><subfield code='t'>Sidney for Moderns.</subfield><subfield code='g'>8.</subfield><subfield code='t'>Spenser in the Minotaur&apos;s Cave.</subfield><subfield code='g'>9.</subfield><subfield code='t'>Milton&apos;s Two Poets.</subfield><subfield code='g'>10.</subfield><subfield code='t'>Rationalism and the Discursive Style.</subfield><subfield code='g'>11.</subfield><subfield code='t'>What Is Augustan Poetry?</subfield><subfield code='g'>12.</subfield><subfield code='t'>Remembering Shelley --</subfield><subfield code='g'>III.</subfield><subfield code='t'>The Hymn in the Throat.</subfield><subfield code='g'>13.</subfield><subfield code='t'>Herbert at Play in the Fields of the Lord.</subfield><subfield code='g'>14.</subfield><subfield code='t'>Marvell&apos;s Tin Ear.</subfield><subfield code='g'>15.</subfield><subfield code='t'>Arnold between Worlds.</subfield><subfield code='g'>16.</subfield><subfield code='t'>How Yeats Came into His Strength.</subfield></datafield><datafield ind1='1' ind2=' ' tag='520'><subfield code='a'>&quot;Singing Masters is a book for connoisseurs of poetry. It spans five centuries of verse in English but is in no way a literary history or encyclopedic survey of the genre. It is instead a celebration of the poetry that has most delighted, engaged, and challenged one man in his long and distinguished career as literary scholar and critic.&quot;--BOOK JACKET.</subfield></datafield><datafield ind1='8' ind2=' ' tag='520'><subfield code='a'>&quot;The title of the book comes from Yeats, a poet who wanted his predecessors to be the &quot;singing masters&quot; of his soul. Similarly, Russell Fraser pays homage to his predecessors among the major critics. He doesn&apos;t read his poets in a vacuum, but locates them in their lives and times while focusing on the work itself. In this book, the poem is the thing, and the basic questions explored are language-centered: what kind of poem is before the reader and whether and why it succeeds.&quot;--BOOK JACKET.</subfield></datafield><datafield ind1=' ' ind2='0' tag='650'><subfield code='a'>English poetry</subfield><subfield code='x'>History and criticism.</subfield><subfield code='0'>http://id.loc.gov/authorities/subjects/sh85043948</subfield></datafield><datafield ind1=' ' ind2='0' tag='650'><subfield code='a'>English poetry</subfield><subfield code='y'>Early modern, 1500-1700</subfield><subfield code='x'>History and criticism.</subfield><subfield code='0'>http://id.loc.gov/authorities/subjects/sh2008102956</subfield></datafield><datafield ind1=' ' ind2=' ' tag='901'><subfield code='a'>4146b75b-2056-4741-93b7-e053d034d6c8</subfield><subfield code='b'>29</subfield><subfield code='c'>false</subfield></datafield><datafield ind1='0' ind2='0' tag='852'><subfield code='h'>PR502 .F73 1999</subfield><subfield code='0'>3717128</subfield><subfield code='b'>scsbcul</subfield></datafield><datafield ind1=' ' ind2=' ' tag='876'><subfield code='0'>3717128</subfield><subfield code='a'>5513808</subfield><subfield code='h'> </subfield><subfield code='j'>Available</subfield><subfield code='p'>CU71381872</subfield><subfield code='t'>1</subfield><subfield code='x'>Open</subfield><subfield code='z'>CU</subfield><subfield code='l'>RECAP</subfield></datafield></record>