
<record><leader>00000cam a2200445 i 4500</leader><controlfield tag='001'>SCSB-11085763</controlfield><controlfield tag='005'>20130601224536.0</controlfield><controlfield tag='008'>130318s2013    nyu      b    001 0 eng  </controlfield><controlfield tag='009'>990136985030203941</controlfield><datafield ind1=' ' ind2=' ' tag='010'><subfield code='a'>^^2013004992</subfield></datafield><datafield ind1=' ' ind2=' ' tag='020'><subfield code='a'>9781604978452 (alk. paper)</subfield></datafield><datafield ind1=' ' ind2=' ' tag='020'><subfield code='a'>1604978457 (alk. paper)</subfield></datafield><datafield ind1=' ' ind2=' ' tag='035'><subfield code='a'>(OCoLC)830667983</subfield></datafield><datafield ind1=' ' ind2=' ' tag='040'><subfield code='a'>DLC</subfield><subfield code='e'>rda</subfield><subfield code='b'>eng</subfield><subfield code='c'>DLC</subfield><subfield code='d'>YDX</subfield><subfield code='d'>OCLCO</subfield><subfield code='d'>YDXCP</subfield></datafield><datafield ind1=' ' ind2=' ' tag='042'><subfield code='a'>pcc</subfield></datafield><datafield ind1=' ' ind2=' ' tag='043'><subfield code='a'>e-uk-en</subfield></datafield><datafield ind1='0' ind2='0' tag='050'><subfield code='a'>PR120.L33</subfield><subfield code='b'>F35 2013</subfield></datafield><datafield ind1='0' ind2='0' tag='082'><subfield code='a'>820.9/920623</subfield><subfield code='2'>23</subfield></datafield><datafield ind1='1' ind2=' ' tag='100'><subfield code='a'>Falke, Cassandra,</subfield><subfield code='d'>1977-</subfield></datafield><datafield ind1='1' ind2='0' tag='245'><subfield code='a'>Literature by the working class :</subfield><subfield code='b'>English autobiographies, 1820-1848 /</subfield><subfield code='c'>Cassandra Falke.</subfield></datafield><datafield ind1=' ' ind2='1' tag='264'><subfield code='a'>Amherst, New York :</subfield><subfield code='b'>Cambria Press,</subfield><subfield code='c'>[2013]</subfield></datafield><datafield ind1=' ' ind2=' ' tag='300'><subfield code='a'>xxvii, 234 pages ;</subfield><subfield code='c'>24 cm</subfield></datafield><datafield ind1=' ' ind2=' ' tag='336'><subfield code='a'>text</subfield><subfield code='2'>rdacontent</subfield></datafield><datafield ind1=' ' ind2=' ' tag='337'><subfield code='a'>unmediated</subfield><subfield code='2'>rdamedia</subfield></datafield><datafield ind1=' ' ind2=' ' tag='338'><subfield code='a'>volume</subfield><subfield code='2'>rdacarrier</subfield></datafield><datafield ind1=' ' ind2=' ' tag='504'><subfield code='a'>Includes bibliographical references and index.</subfield></datafield><datafield ind1='0' ind2=' ' tag='505'><subfield code='a'>Approaching working-class autobiography, 1820-1848 -- Sketches and fragments -- Hints to mechanics and hints to parliament -- Working-class readers and the memoirs of a working man -- The not-quite-autonomous artisan.</subfield></datafield><datafield ind1=' ' ind2=' ' tag='520'><subfield code='a'>&quot;By the 1820s, falling book prices and rising literacy rates had created England&apos;s first literate working-class majority. These workers had read other people&apos;s lives. They had read &quot;the histories of heroes&quot; and &quot;histories of philosophers&quot; as one artisan author puts it, but they looked in vain for an autobiography of a fellow &quot;wealth producer.&quot; Those who were born in the 1790s shared a revolutionary generation with Byron, Shelley and Keats, and they had seen their country&apos;s industrialization first hand. Their lives were radically different than the lives their parents had lived, and they knew that they had their own stories to tell. Between 1820 and the defeat of Chartism in 1848, forty-eight men and women wrote or spoke their autobiographies, commemorating in their own words the cultural transition that accompanied England&apos;s shift to an industrial capitalist economy.^</subfield></datafield><datafield ind1=' ' ind2=' ' tag='520'><subfield code='a'>The outpouring of working-class lives was so dramatic that John Lockhart, writing in the Quarterly Review despaired that &quot;England expect[ed] every driveller to do his Memorabilia.&quot; In Literature by the Working Class, Cassandra Falke provides a close literary analysis of five of these autobiographies, situating them in their historical and literary context but privileging each as a work of literature that deserves the same careful attention readers pay to other literary texts of the period. She has chosen works that represent the diversity of working-class life. One author, John Clare, so excelled at poetry that his work is now widely anthologized, but he was born an agricultural laborer, and he died in a madhouse. Another, Robert Blincoe, was orphaned at birth and sold into the nightmarish factory apprentice system. His contemporary, Timothy Claxton, was a gardener&apos;s boy in the service of a great house.^</subfield></datafield><datafield ind1=' ' ind2=' ' tag='520'><subfield code='a'>The lady of the house provided two years of education for him, and on that slim foundation, he built a successful career as a whitesmith and founded London&apos;s first mechanic&apos;s institute. Christopher&apos;s Thomson trained as a shipwright, rambled the country as an actor and scene painter, and shuffled his wife and children from job to job and town to town until he finally settled down as a house painter. He rejects the social pressure to define his life according to his occupation and writes instead about pleasure, personal trials and community. The last autobiographer Falke considers, Thomas Carter, struggled to fulfill the period&apos;s ideal for a working-class autodidact. From his overcrowded London garret apartment, in the voice of the anonymous working man, he encouraged fellow workers to persist in their education, and to maintain hope in the freedom of an active mental life even as their families, like his, struggled with hunger, cold, and child mortality.^</subfield></datafield><datafield ind1=' ' ind2=' ' tag='520'><subfield code='a'>Viewing all of these stories together, Falke captures the richness of working-class culture, the bravery of these authors&apos; persistence, and the fecundity of their literary imaginations. Literature by the Working Class proposes a way to read working-class autobiographies that attends to both the socio-historical influences on their composition and their value as individual literary works. Although social historians, reading historians, and historians of rhetoric have recognized the significance of working-class autobiography to the early nineteenth century, providing broad overviews of the genre, very little work has been done to read these works as literature. Part of this negligence arises for the style of these autobiographies. They reject notions of autonomous selfhood and linear self-creation that characterize other Romantic period autobiographical works.^</subfield></datafield><datafield ind1=' ' ind2=' ' tag='520'><subfield code='a'>While the critical understanding of autobiography as a narrative of rational progress toward occupational success and autonomous selfhood has been challenged by scholars working in a variety of periods and disciplines (feminist scholars, African-American scholars, early modern scholars, for example), nineteenth-century accounts of autobiography have yet to fully rewrite this master narrative, and thus have yet to account for an abundance of writing by workers. Working-class autobiographies have also been neglected because these authors learned that emotional expression and literary embellishment were not luxuries permitted for their class. In response, they write with the objective distance they imagine their readers to expect, or they record the difficulty of not feeling free to write their emotions. Their books, therefore, do not confirm the usual expectations for autobiography in the Romantic period.^</subfield></datafield><datafield ind1=' ' ind2=' ' tag='520'><subfield code='a'>Falke argues that the historical limits placed on working-class authors inspired them to try inventive literary techniques such as non-narrative autobiographies, non-chronological structure, and symbolic plots--techniques that autobiographers are being lauded for experimenting with today. Instead of looking for textual properties that working-class autobiographies share with more canonical works, she reads the ways that these texts re-imagine what autobiography can do. Not only does this kind of reading yield valuable insights about the texts themselves, it also helps revise and expand the understanding of the development of this crucial nineteenth-century form.&quot;--Publisher&apos;s website.</subfield></datafield><datafield ind1=' ' ind2='0' tag='650'><subfield code='a'>Working class writings, English</subfield><subfield code='x'>History and criticism.</subfield></datafield><datafield ind1=' ' ind2='0' tag='650'><subfield code='a'>English literature</subfield><subfield code='y'>19th century</subfield><subfield code='x'>History and criticism</subfield></datafield><datafield ind1=' ' ind2='0' tag='650'><subfield code='a'>Autobiography</subfield><subfield code='x'>English authors</subfield></datafield><datafield ind1=' ' ind2='0' tag='650'><subfield code='a'>Biography as a literary form</subfield></datafield><datafield ind1=' ' ind2='0' tag='650'><subfield code='a'>English literature</subfield><subfield code='x'>Social aspects</subfield></datafield><datafield ind1=' ' ind2='0' tag='650'><subfield code='a'>Working class authors</subfield><subfield code='z'>England.</subfield></datafield><datafield ind1=' ' ind2='7' tag='648'><subfield code='a'>1800-1899</subfield><subfield code='2'>fast</subfield></datafield><datafield ind1=' ' ind2='7' tag='655'><subfield code='a'>Criticism, interpretation, etc.</subfield><subfield code='2'>fast</subfield><subfield code='0'>(OCoLC)fst01411635</subfield></datafield><datafield ind1='1' ind2=' ' tag='583'><subfield code='a'>committed to retain</subfield><subfield code='c'>20181001</subfield><subfield code='d'>in perpetuity</subfield><subfield code='f'>ReCAP Shared Collection</subfield><subfield code='5'>HUL</subfield><subfield code='8'>222161813360003941</subfield></datafield><datafield ind1='0' ind2=' ' tag='852'><subfield code='c'>HD</subfield><subfield code='h'>PR120.L33</subfield><subfield code='i'>F35 2013</subfield><subfield code='0'>11884216</subfield><subfield code='b'>scsbhl</subfield></datafield><datafield ind1=' ' ind2=' ' tag='876'><subfield code='0'>11884216</subfield><subfield code='a'>17640317</subfield><subfield code='h'> </subfield><subfield code='j'>Available</subfield><subfield code='k'>WID</subfield><subfield code='p'>32044120273933</subfield><subfield code='x'>Shared</subfield><subfield code='z'>HW</subfield><subfield code='l'>HD</subfield></datafield></record>