
<record><leader>06200cam a2200433 a 4500</leader><controlfield tag='001'>SCSB-15220775</controlfield><controlfield tag='005'>20250622054019.6</controlfield><controlfield tag='008'>100225t20102010mdu      b    001 0 eng  </controlfield><controlfield tag='009'>7976424</controlfield><datafield ind1=' ' ind2=' ' tag='010'><subfield code='a'>  2010008102</subfield></datafield><datafield ind1=' ' ind2=' ' tag='020'><subfield code='a'>9780739138571 (cloth : alk. paper)</subfield></datafield><datafield ind1=' ' ind2=' ' tag='020'><subfield code='a'>073913857X (cloth : alk. paper)</subfield></datafield><datafield ind1=' ' ind2=' ' tag='020'><subfield code='a'>9780739138595 (electronic)</subfield></datafield><datafield ind1=' ' ind2=' ' tag='020'><subfield code='a'>0739138596 (electronic)</subfield></datafield><datafield ind1=' ' ind2=' ' tag='024'><subfield code='a'>40018273780</subfield></datafield><datafield ind1=' ' ind2=' ' tag='035'><subfield code='a'>(OCoLC)531718941</subfield></datafield><datafield ind1=' ' ind2=' ' tag='035'><subfield code='a'>(NNC)7976424</subfield></datafield><datafield ind1=' ' ind2=' ' tag='035'><subfield code='a'>7976424</subfield></datafield><datafield ind1=' ' ind2=' ' tag='040'><subfield code='a'>DLC</subfield><subfield code='c'>DLC</subfield><subfield code='d'>YDX</subfield><subfield code='d'>YDXCP</subfield><subfield code='d'>OrLoB-B</subfield></datafield><datafield ind1=' ' ind2=' ' tag='043'><subfield code='a'>a-cc---</subfield></datafield><datafield ind1='0' ind2='0' tag='050'><subfield code='a'>PL2386</subfield><subfield code='b'>.S54 2010</subfield></datafield><datafield ind1='0' ind2='0' tag='082'><subfield code='a'>895.1/24609</subfield><subfield code='2'>22</subfield></datafield><datafield ind1='1' ind2=' ' tag='100'><subfield code='a'>Shen, Jing,</subfield><subfield code='d'>1967-</subfield><subfield code='0'>http://id.loc.gov/authorities/names/no96026357</subfield></datafield><datafield ind1='1' ind2='0' tag='245'><subfield code='a'>Playwrights and literary games in seventeenth-century China :</subfield><subfield code='b'>plays by Tang Xianzu, Mei Dingzuo, Wu Bing, Li Yu, and Kong Shangren /</subfield><subfield code='c'>Jing Shen.</subfield></datafield><datafield ind1=' ' ind2=' ' tag='260'><subfield code='a'>Lanham, Md. :</subfield><subfield code='b'>Lexington Books,</subfield><subfield code='c'>[2010], ©2010.</subfield></datafield><datafield ind1=' ' ind2=' ' tag='300'><subfield code='a'>xiii, 320 pages ;</subfield><subfield code='c'>24 cm</subfield></datafield><datafield ind1=' ' ind2=' ' tag='336'><subfield code='a'>text</subfield><subfield code='b'>txt</subfield><subfield code='2'>rdacontent</subfield></datafield><datafield ind1=' ' ind2=' ' tag='337'><subfield code='a'>unmediated</subfield><subfield code='b'>n</subfield><subfield code='2'>rdamedia</subfield></datafield><datafield ind1=' ' ind2=' ' tag='504'><subfield code='a'>Includes bibliographical references and index.</subfield></datafield><datafield ind1='0' ind2='0' tag='505'><subfield code='g'>Part I.</subfield><subfield code='t'>Contexts --</subfield><subfield code='g'>Chapter 1.</subfield><subfield code='t'>Introduction --</subfield><subfield code='g'>Chapter 2.</subfield><subfield code='t'>Playwrights and Their Circles --</subfield><subfield code='g'>Chapter 3.</subfield><subfield code='t'>History and Criticism of Traditional Chinese Theater --</subfield><subfield code='g'>Part II.</subfield><subfield code='t'>The Appropriation and Conversion of Chuanqi Fiction in Ming Plays --</subfield><subfield code='g'>Chapter 4.</subfield><subfield code='t'>Huo Xiaoyu zhuan in Zichai ji --</subfield><subfield code='g'>Chapter 5.</subfield><subfield code='t'>Liushi zhuan in Yuhe ji --</subfield><subfield code='g'>Part III.</subfield><subfield code='t'>Textual Constructions of (Gendered) Subjectivities --</subfield><subfield code='g'>Chapter 6.</subfield><subfield code='t'>The Poetic Constructions of (Gendered) Identities in Lu mudan --</subfield><subfield code='g'>Chapter 7.</subfield><subfield code='t'>An Ironic Perspective on Love Poeticized in Fengzheng wu --</subfield><subfield code='g'>Part IV.</subfield><subfield code='t'>Plays-Within-Plays --</subfield><subfield code='g'>Chapter 8.</subfield><subfield code='t'>Bimuyu --</subfield><subfield code='g'>Chapter 9.</subfield><subfield code='t'>Taohua shan.</subfield></datafield><datafield ind1='1' ind2=' ' tag='520'><subfield code='a'>&quot;&quot;Considering the importance of chuanqi drama in Ming and Qing China and the recent revival of interest in the genre, this book is extremely welcome. Jing Shen has focused on some of the most knotty problems in chuanqi drama: the games that literati played in their production and consumption. After contextualizing the genre and its producers and consumers, she presents detailed and concrete analyses of examples from some of the most influential playwrights of the 1600s, a crucial century in the development of the genre and of Chinese history (it saw the traumatic fall of the native Ming dynasty to the invading Manchus). Since Professor Shen pays careful attention to the relationships between developments in this dramatic genre and the societal and historical changes of the times, her book will be of great interest not only to those interested in Chinese theater or world theater in general, but also to those interested in this crucial century in Chinese history.&quot; David Rolston, University of Michigan&quot; &quot;&quot;Adaptations of earlier writings, the representations of identities (whether of characters or the playwrights&apos; own), the newly developed self-reflexivity in drama, and meta-theatrical statements in various forms are all important concerns that Jing Shen weaves through her masterful readings of plays by five major dramatists of China&apos;s crucial seventeenth century---when traditional culture underwent the shattering trauma of subjugation by non-Chinese armies from the north. Throughout she demonstrates her deep knowledge of China&apos;s literary tradition by revealing the complex intertextual relations of each play. Professor Shen&apos;s richly detailed study firmly places these dramatic masterpieces in their historical, cultural, and even personal contexts to provide a vision of late imperial Chinese theater significantly more nuanccd than that achieved by any previous study in any Western language.&quot; Robert E. Ilegel, Washington University, St. Louis&quot; &quot;&quot;The late sixteenth and seventeenth centuries were a time when stage-struck literary men from the top echelon of Chinese society turned their hands to playwriting, and the publishing boom of the period ensured that handsomely printed editions of their plays with illustrations and commentary were available to an avid reading public. These plays, which combine the finest poetic song lyrics with sophisticated badinage and bawdy jokes, were also serious vehicles for reflections on politics, history, and, of course, the theater itself. Jing Shen&apos;s new book provides an informative and lively introduction to the sociocultural world that these literati playwrights inhabited and re-created in their marvelous works. All in all, this is a major addition to the growing critical literature on the history and theory of premodern Chinese theater in its cultural context.&quot; Judith T. Zeitlin, University of Chicago&quot; &quot;Playwrights and Literary Games in Seventeenth-Century China is a full length study of chuanqi (romance) drama, a sophisticated form with substantial literary and meta theatrical value that reigned supreme in Chinese theater from the sixteenth to eighteenth centuries and nourished later rheatrical traditions, including jingjn (the Beijing Opera). Jing Shen examines the texts to demonstrate that chuanqi playwrights appropriate, convert, or misinterpret other genres or literary works of enduring influence in their plays to convey subtle and subversive expressions in the fine margins between tradition and innovation, history and theatrical representation. By exploring the components of romance in texts from the late Ming to the early Qing dynasties, Shen reveals creative readings of earlier themes, stories, plays, and the changing idea of romanticism for chuanqi drama.&quot;--BOOK JACKET.</subfield></datafield><datafield ind1=' ' ind2='0' tag='650'><subfield code='a'>Chinese drama</subfield><subfield code='y'>Ming dynasty, 1368-1644</subfield><subfield code='x'>History and criticism.</subfield><subfield code='0'>http://id.loc.gov/authorities/subjects/sh2009119272</subfield></datafield><datafield ind1=' ' ind2='0' tag='650'><subfield code='a'>Chinese drama</subfield><subfield code='y'>Qing dynasty, 1644-1912</subfield><subfield code='x'>History and criticism.</subfield><subfield code='0'>http://id.loc.gov/authorities/subjects/sh2009119273</subfield></datafield><datafield ind1=' ' ind2='0' tag='650'><subfield code='a'>Theater</subfield><subfield code='z'>China</subfield><subfield code='x'>History.</subfield><subfield code='0'>http://id.loc.gov/authorities/subjects/sh2008112827</subfield></datafield><datafield ind1=' ' ind2='0' tag='650'><subfield code='a'>Dramatists, Chinese.</subfield><subfield code='0'>http://id.loc.gov/authorities/subjects/sh85039352</subfield></datafield><datafield ind1=' ' ind2=' ' tag='900'><subfield code='a'>AUTH</subfield><subfield code='b'>TOC</subfield></datafield><datafield ind1=' ' ind2=' ' tag='960'><subfield code='f'>85389</subfield><subfield code='o'>1</subfield><subfield code='s'>64.40</subfield><subfield code='t'>sho</subfield><subfield code='u'>2107B</subfield></datafield><datafield ind1='1' ind2=' ' tag='948'><subfield code='a'>20101008</subfield><subfield code='b'>c</subfield><subfield code='c'>as2107</subfield><subfield code='d'>MPS</subfield></datafield><datafield ind1=' ' ind2=' ' tag='900'><subfield code='a'>MARS</subfield></datafield><datafield ind1=' ' ind2=' ' tag='901'><subfield code='a'>5f425838-a9ae-4175-88b7-d5d668a5345e</subfield><subfield code='b'>29</subfield><subfield code='c'>false</subfield></datafield><datafield ind1='0' ind2='0' tag='852'><subfield code='0'>16313599</subfield><subfield code='h'>PL2386</subfield><subfield code='i'>.S54 2010</subfield><subfield code='b'>scsbcul</subfield></datafield><datafield ind1=' ' ind2=' ' tag='876'><subfield code='0'>16313599</subfield><subfield code='a'>23059800</subfield><subfield code='j'>Available</subfield><subfield code='p'>CU30289033</subfield><subfield code='t'>0</subfield><subfield code='x'>Open</subfield><subfield code='z'>CU</subfield><subfield code='l'>RECAP</subfield></datafield></record>