
<record><leader>00000cam a2201921 i 4500</leader><controlfield tag='001'>SCSB-8086361</controlfield><controlfield tag='003'>OCoLC</controlfield><controlfield tag='005'>20240426114132.0</controlfield><controlfield tag='008'>001116m20019999mou      b    001 0 eng  cam i </controlfield><controlfield tag='009'>.b151025174</controlfield><datafield ind1='1' ind2=' ' tag='100'><subfield code='a'>Hughes, Langston,</subfield><subfield code='d'>1902-1967,</subfield><subfield code='e'>author.</subfield></datafield><datafield ind1='1' ind2=' ' tag='700'><subfield code='a'>Rampersad, Arnold,</subfield><subfield code='e'>editor,</subfield><subfield code='e'>writer of introduction.</subfield></datafield><datafield ind1='1' ind2=' ' tag='700'><subfield code='a'>Hubbard, Dolan,</subfield><subfield code='d'>1949-</subfield><subfield code='e'>editor,</subfield><subfield code='e'>writer of introduction.</subfield></datafield><datafield ind1='1' ind2=' ' tag='700'><subfield code='a'>Sanders, Leslie Catherine,</subfield><subfield code='d'>1944-</subfield><subfield code='e'>editor,</subfield><subfield code='e'>writer of introduction.</subfield></datafield><datafield ind1='1' ind2=' ' tag='700'><subfield code='a'>Harper, Donna Sullivan,</subfield><subfield code='e'>editor,</subfield><subfield code='e'>writer of introduction.</subfield></datafield><datafield ind1='1' ind2=' ' tag='700'><subfield code='a'>De Santis, Christopher C.,</subfield><subfield code='d'>1966-</subfield><subfield code='e'>editor,</subfield><subfield code='e'>writer of introduction.</subfield></datafield><datafield ind1='1' ind2=' ' tag='700'><subfield code='a'>Johnson, Dianne,</subfield><subfield code='d'>1947-2012,</subfield><subfield code='e'>editor,</subfield><subfield code='e'>writer of introduction.</subfield></datafield><datafield ind1='1' ind2=' ' tag='700'><subfield code='a'>Tracy, Steven C.</subfield><subfield code='q'>(Steven Carl),</subfield><subfield code='d'>1954-</subfield><subfield code='e'>editor,</subfield><subfield code='e'>writer of introduction.</subfield></datafield><datafield ind1='1' ind2=' ' tag='700'><subfield code='a'>McLaren, Joseph,</subfield><subfield code='e'>editor,</subfield><subfield code='e'>writer of introduction.</subfield></datafield><datafield ind1='1' ind2=' ' tag='700'><subfield code='a'>Martin-Ogunsola, Dellita,</subfield><subfield code='d'>1946-</subfield><subfield code='e'>editor,</subfield><subfield code='e'>writer of introduction.</subfield></datafield><datafield ind1=' ' ind2='0' tag='650'><subfield code='a'>African Americans</subfield><subfield code='v'>Literary collections.</subfield></datafield><datafield ind1=' ' ind2='0' tag='650'><subfield code='a'>Gay authors</subfield><subfield code='z'>United States</subfield><subfield code='y'>20th century.</subfield></datafield><datafield ind1=' ' ind2='0' tag='650'><subfield code='a'>Gay men&apos;s writings, American</subfield><subfield code='z'>United States</subfield><subfield code='y'>20th century.</subfield></datafield><datafield ind1=' ' ind2='0' tag='650'><subfield code='a'>African American authors</subfield><subfield code='y'>20th century.</subfield></datafield><datafield ind1=' ' ind2='7' tag='650'><subfield code='a'>African American authors.</subfield><subfield code='2'>fast</subfield><subfield code='0'>(OCoLC)fst00799028</subfield></datafield><datafield ind1=' ' ind2='7' tag='650'><subfield code='a'>African Americans.</subfield><subfield code='2'>fast</subfield><subfield code='0'>(OCoLC)fst00799558</subfield></datafield><datafield ind1=' ' ind2='7' tag='650'><subfield code='a'>Gay authors.</subfield><subfield code='2'>fast</subfield><subfield code='0'>(OCoLC)fst00939062</subfield></datafield><datafield ind1=' ' ind2='7' tag='650'><subfield code='a'>Gay men&apos;s writings, American.</subfield><subfield code='2'>fast</subfield><subfield code='0'>(OCoLC)fst00939170</subfield></datafield><datafield ind1=' ' ind2='7' tag='648'><subfield code='a'>1900-1999</subfield><subfield code='2'>fast</subfield></datafield><datafield ind1=' ' ind2='7' tag='655'><subfield code='a'>Novels.</subfield><subfield code='2'>fast</subfield><subfield code='0'>(OCoLC)fst01921742</subfield></datafield><datafield ind1=' ' ind2='7' tag='655'><subfield code='a'>Short stories.</subfield><subfield code='2'>fast</subfield><subfield code='0'>(OCoLC)fst01726740</subfield></datafield><datafield ind1=' ' ind2='7' tag='655'><subfield code='a'>Poetry.</subfield><subfield code='2'>fast</subfield><subfield code='0'>(OCoLC)fst01423828</subfield></datafield><datafield ind1=' ' ind2='7' tag='655'><subfield code='a'>Literature.</subfield><subfield code='2'>fast</subfield><subfield code='0'>(OCoLC)fst01921716</subfield></datafield><datafield ind1=' ' ind2='7' tag='655'><subfield code='a'>Fiction.</subfield><subfield code='2'>fast</subfield><subfield code='0'>(OCoLC)fst01423787</subfield></datafield><datafield ind1=' ' ind2='7' tag='655'><subfield code='a'>Essays.</subfield><subfield code='2'>fast</subfield><subfield code='0'>(OCoLC)fst01919922</subfield></datafield><datafield ind1=' ' ind2='7' tag='655'><subfield code='a'>Drama.</subfield><subfield code='2'>fast</subfield><subfield code='0'>(OCoLC)fst01423879</subfield></datafield><datafield ind1=' ' ind2='7' tag='655'><subfield code='a'>Bibliographies.</subfield><subfield code='2'>fast</subfield><subfield code='0'>(OCoLC)fst01919895</subfield></datafield><datafield ind1=' ' ind2='7' tag='655'><subfield code='a'>Autobiographies.</subfield><subfield code='2'>fast</subfield><subfield code='0'>(OCoLC)fst01919894</subfield></datafield><datafield ind1=' ' ind2='7' tag='655'><subfield code='a'>Literary collections.</subfield><subfield code='2'>fast</subfield><subfield code='0'>(OCoLC)fst01423811</subfield></datafield><datafield ind1=' ' ind2='7' tag='655'><subfield code='a'>Essays.</subfield><subfield code='2'>lcgft</subfield></datafield><datafield ind1=' ' ind2='7' tag='655'><subfield code='a'>Poetry.</subfield><subfield code='2'>lcgft</subfield></datafield><datafield ind1=' ' ind2='7' tag='655'><subfield code='a'>Short stories.</subfield><subfield code='2'>lcgft</subfield></datafield><datafield ind1=' ' ind2='7' tag='655'><subfield code='a'>Fiction.</subfield><subfield code='2'>lcgft</subfield></datafield><datafield ind1=' ' ind2='7' tag='655'><subfield code='a'>Drama.</subfield><subfield code='2'>lcgft</subfield></datafield><datafield ind1=' ' ind2='7' tag='655'><subfield code='a'>Autobiographies.</subfield><subfield code='2'>lcgft</subfield></datafield><datafield ind1=' ' ind2='7' tag='655'><subfield code='a'>Literature.</subfield><subfield code='2'>lcgft</subfield></datafield><datafield ind1=' ' ind2='7' tag='655'><subfield code='a'>Bibliographies.</subfield><subfield code='2'>lcgft</subfield></datafield><datafield ind1=' ' ind2='7' tag='655'><subfield code='a'>Novels.</subfield><subfield code='2'>lcgft</subfield></datafield><datafield ind1=' ' ind2='4' tag='690'><subfield code='a'>Black author.</subfield></datafield><datafield ind1=' ' ind2='7' tag='650'><subfield code='a'>Gay authors.</subfield><subfield code='2'>homoit</subfield></datafield><datafield ind1=' ' ind2='7' tag='650'><subfield code='a'>LGBTQ+ authors.</subfield><subfield code='2'>homoit</subfield></datafield><datafield ind1=' ' ind2='7' tag='655'><subfield code='a'>Gay autobiographies.</subfield><subfield code='2'>homoit</subfield></datafield><datafield ind1=' ' ind2='7' tag='655'><subfield code='a'>Gay fiction.</subfield><subfield code='2'>homoit</subfield></datafield><datafield ind1=' ' ind2='7' tag='655'><subfield code='a'>Gay short stories.</subfield><subfield code='2'>homoit</subfield></datafield><datafield ind1=' ' ind2='7' tag='655'><subfield code='a'>LGBTQ+ autobiographies.</subfield><subfield code='2'>homoit</subfield></datafield><datafield ind1=' ' ind2='7' tag='655'><subfield code='a'>LGBTQ+ fiction.</subfield><subfield code='2'>homoit</subfield></datafield><datafield ind1=' ' ind2='7' tag='655'><subfield code='a'>LGBTQ+ short stories.</subfield><subfield code='2'>homoit</subfield></datafield><datafield ind1=' ' ind2='7' tag='651'><subfield code='a'>United States.</subfield><subfield code='2'>fast</subfield><subfield code='0'>(OCoLC)fst01204155</subfield></datafield><datafield ind1=' ' ind2=' ' tag='020'><subfield code='a'>0826213391</subfield><subfield code='q'>(v. l ;</subfield><subfield code='q'>alk. paper)</subfield></datafield><datafield ind1=' ' ind2=' ' tag='020'><subfield code='a'>9780826213396</subfield><subfield code='q'>(v. l ;</subfield><subfield code='q'>alk. paper)</subfield></datafield><datafield ind1=' ' ind2=' ' tag='020'><subfield code='a'>0826213405</subfield><subfield code='q'>(v. 2 ;</subfield><subfield code='q'>alk. paper)</subfield></datafield><datafield ind1=' ' ind2=' ' tag='020'><subfield code='a'>9780826213402</subfield><subfield code='q'>(v. 2 ;</subfield><subfield code='q'>alk. paper)</subfield></datafield><datafield ind1=' ' ind2=' ' tag='020'><subfield code='a'>0826213413</subfield><subfield code='q'>(v. 3 ;</subfield><subfield code='q'>alk. paper)</subfield></datafield><datafield ind1=' ' ind2=' ' tag='020'><subfield code='a'>9780826213419</subfield><subfield code='q'>(v. 3 ;</subfield><subfield code='q'>alk. paper)</subfield></datafield><datafield ind1=' ' ind2=' ' tag='020'><subfield code='a'>0826213421</subfield><subfield code='q'>(v. 4 ;</subfield><subfield code='q'>alk. paper)</subfield></datafield><datafield ind1=' ' ind2=' ' tag='020'><subfield code='a'>9780826213426</subfield><subfield code='q'>(v. 4 ;</subfield><subfield code='q'>alk. paper)</subfield></datafield><datafield ind1=' ' ind2=' ' tag='020'><subfield code='a'>0826213693</subfield><subfield code='q'>(v. 5 ;</subfield><subfield code='q'>alk. paper)</subfield></datafield><datafield ind1=' ' ind2=' ' tag='020'><subfield code='a'>9780826213693</subfield><subfield code='q'>(v. 5 ;</subfield><subfield code='q'>alk. paper)</subfield></datafield><datafield ind1=' ' ind2=' ' tag='020'><subfield code='a'>0826214770</subfield><subfield code='q'>(v. 6 ;</subfield><subfield code='q'>alk. paper)</subfield></datafield><datafield ind1=' ' ind2=' ' tag='020'><subfield code='a'>9780826214775</subfield><subfield code='q'>(v. 6 ;</subfield><subfield code='q'>alk. paper)</subfield></datafield><datafield ind1=' ' ind2=' ' tag='020'><subfield code='a'>0826213707</subfield><subfield code='q'>(v. 7 ;</subfield><subfield code='q'>alk. paper)</subfield></datafield><datafield ind1=' ' ind2=' ' tag='020'><subfield code='a'>9780826213709</subfield><subfield code='q'>(v. 7 ;</subfield><subfield code='q'>alk. paper)</subfield></datafield><datafield ind1=' ' ind2=' ' tag='020'><subfield code='a'>0826214096</subfield><subfield code='q'>(v. 8 ;</subfield><subfield code='q'>alk. paper)</subfield></datafield><datafield ind1=' ' ind2=' ' tag='020'><subfield code='a'>9780826214096</subfield><subfield code='q'>(v. 8 ;</subfield><subfield code='q'>alk. paper)</subfield></datafield><datafield ind1=' ' ind2=' ' tag='020'><subfield code='a'>0826213944</subfield><subfield code='q'>(v. 9 ;</subfield><subfield code='q'>alk. paper)</subfield></datafield><datafield ind1=' ' ind2=' ' tag='020'><subfield code='a'>9780826213945</subfield><subfield code='q'>(v. 9 ;</subfield><subfield code='q'>alk. paper)</subfield></datafield><datafield ind1=' ' ind2=' ' tag='020'><subfield code='a'>0826213715</subfield><subfield code='q'>(v. 10 ;</subfield><subfield code='q'>alk. paper)</subfield></datafield><datafield ind1=' ' ind2=' ' tag='020'><subfield code='a'>9780826213716</subfield><subfield code='q'>(v. 10 ;</subfield><subfield code='q'>alk. paper)</subfield></datafield><datafield ind1=' ' ind2=' ' tag='020'><subfield code='a'>0826214983</subfield><subfield code='q'>(v. 11 ;</subfield><subfield code='q'>alk. paper)</subfield></datafield><datafield ind1=' ' ind2=' ' tag='020'><subfield code='a'>9780826214980</subfield><subfield code='q'>(v. 11 ;</subfield><subfield code='q'>alk. paper)</subfield></datafield><datafield ind1=' ' ind2=' ' tag='020'><subfield code='a'>0826213723</subfield><subfield code='q'>(v. 12 ;</subfield><subfield code='q'>alk. paper)</subfield></datafield><datafield ind1=' ' ind2=' ' tag='020'><subfield code='a'>9780826213723</subfield><subfield code='q'>(v. 12 ;</subfield><subfield code='q'>alk. paper)</subfield></datafield><datafield ind1=' ' ind2=' ' tag='020'><subfield code='a'>082621410X</subfield><subfield code='q'>(v. 13 ;</subfield><subfield code='q'>alk. paper)</subfield></datafield><datafield ind1=' ' ind2=' ' tag='020'><subfield code='a'>9780826214102</subfield><subfield code='q'>(v. 13 ;</subfield><subfield code='q'>alk. paper)</subfield></datafield><datafield ind1=' ' ind2=' ' tag='020'><subfield code='a'>0826214347</subfield><subfield code='q'>(v. 14 ;</subfield><subfield code='q'>alk. paper)</subfield></datafield><datafield ind1=' ' ind2=' ' tag='020'><subfield code='a'>9780826214348</subfield><subfield code='q'>(v. 14 ;</subfield><subfield code='q'>alk. paper)</subfield></datafield><datafield ind1=' ' ind2=' ' tag='020'><subfield code='a'>0826214118</subfield><subfield code='q'>(v. 15 ;</subfield><subfield code='q'>alk. paper)</subfield></datafield><datafield ind1=' ' ind2=' ' tag='020'><subfield code='a'>9780826214119</subfield><subfield code='q'>(v. 15 ;</subfield><subfield code='q'>alk. paper)</subfield></datafield><datafield ind1=' ' ind2=' ' tag='020'><subfield code='a'>0826214355</subfield><subfield code='q'>(v. 16 ;</subfield><subfield code='q'>alk. paper)</subfield></datafield><datafield ind1=' ' ind2=' ' tag='020'><subfield code='a'>9780826214355</subfield><subfield code='q'>(v. 16 ;</subfield><subfield code='q'>alk. paper)</subfield></datafield><datafield ind1=' ' ind2=' ' tag='010'><subfield code='a'>   00066601</subfield></datafield><datafield ind1=' ' ind2=' ' tag='500'><subfield code='a'>Volumes 1-3 edited with an introduction by Arnold Rampersad.</subfield></datafield><datafield ind1=' ' ind2=' ' tag='500'><subfield code='a'>Volume 4 edited with an introduction by Dolan Hubbard.</subfield></datafield><datafield ind1=' ' ind2=' ' tag='500'><subfield code='a'>Volume 5 edited with an introduction by Leslie Catherine Sanders, with Nancy Johnston.</subfield></datafield><datafield ind1=' ' ind2=' ' tag='500'><subfield code='a'>Volume 6 edited with an introduction by Leslie Catherine Sanders.</subfield></datafield><datafield ind1=' ' ind2=' ' tag='500'><subfield code='a'>Volumes 7-8 edited with an introduction by Donna Akiba Sullivan Harper.</subfield></datafield><datafield ind1=' ' ind2=' ' tag='500'><subfield code='a'>Volumes 9-10 edited with an introduction by Christopher C. De Santis.</subfield></datafield><datafield ind1=' ' ind2=' ' tag='500'><subfield code='a'>Volume 11 edited with an introduction by Dianne Johnson.</subfield></datafield><datafield ind1=' ' ind2=' ' tag='500'><subfield code='a'>Volume 12 edited with an introduction by Steven C. Tracy.</subfield></datafield><datafield ind1=' ' ind2=' ' tag='500'><subfield code='a'>Volumes 13-14 edited with an introduction by Joseph Mclaren.</subfield></datafield><datafield ind1=' ' ind2=' ' tag='500'><subfield code='a'>Volume 16 edited with an introduction by Dellita Martin-Ogunsola.</subfield></datafield><datafield ind1=' ' ind2=' ' tag='500'><subfield code='a'>Volume 15 edited by R. Baxter Miller, with an introduction by Arnold Rampersad.</subfield></datafield><datafield ind1=' ' ind2=' ' tag='504'><subfield code='a'>Includes bibliographical references and indexes.</subfield></datafield><datafield ind1='0' ind2=' ' tag='505'><subfield code='a'>Volume 1. The poems, 1921-1940.</subfield></datafield><datafield ind1='0' ind2=' ' tag='505'><subfield code='a'>Volume 2. The poems, 1941-1950.</subfield></datafield><datafield ind1='0' ind2='0' tag='505'><subfield code='g'>Volume 3. Montage of a dream deferred. Boogie segue to bop.</subfield><subfield code='t'>Dream boogie --</subfield><subfield code='t'>Parade --</subfield><subfield code='t'>Children&apos;s rhymes --</subfield><subfield code='t'>Sister --</subfield><subfield code='t'>Comment on stoop --</subfield><subfield code='t'>Preference --</subfield><subfield code='t'>Necessity --</subfield><subfield code='t'>Question --</subfield><subfield code='t'>Figurine --</subfield><subfield code='t'>Buddy --</subfield><subfield code='t'>Juke box love song --</subfield><subfield code='t'>Ultimatum --</subfield><subfield code='t'>Warning --</subfield><subfield code='t'>Croon --</subfield><subfield code='t'>New Yorkers --</subfield><subfield code='t'>Wonder --</subfield><subfield code='t'>Easy boogie.</subfield></datafield><datafield ind1='0' ind2='0' tag='505'><subfield code='g'>Volume 3, continued. Montage of a dream deferred. Dig and be dug.</subfield><subfield code='t'>Movies --</subfield><subfield code='t'>Tell me --</subfield><subfield code='t'>Not a movie --</subfield><subfield code='t'>Neon signs --</subfield><subfield code='t'>Numbers --</subfield><subfield code='t'>What? So soon --</subfield><subfield code='t'>Comment against lamp post --</subfield><subfield code='t'>Figurette --</subfield><subfield code='t'>Motto --</subfield><subfield code='t'>Dead in there --</subfield><subfield code='t'>Situation --</subfield><subfield code='t'>Dancer --</subfield><subfield code='t'>Advice --</subfield><subfield code='t'>Green memory --</subfield><subfield code='t'>Wine-o --</subfield><subfield code='t'>Relief --</subfield><subfield code='t'>Ballad of the landlord --</subfield><subfield code='t'>Corner meeting --</subfield><subfield code='t'>Projection.</subfield></datafield><datafield ind1='0' ind2='0' tag='505'><subfield code='g'>Volume 3, continued. Montage of a dream deferred. Early bright.</subfield><subfield code='t'>Flatted fifths --</subfield><subfield code='t'>Tomorrow --</subfield><subfield code='t'>Mellow --</subfield><subfield code='t'>Live and let live --</subfield><subfield code='t'>Gauge --</subfield><subfield code='t'>Bar --</subfield><subfield code='t'>Cafe, 3 a.m. --</subfield><subfield code='t'>Drunkard --</subfield><subfield code='t'>Street song --</subfield><subfield code='t'>125th Street --</subfield><subfield code='t'>Dive --</subfield><subfield code='t'>Warning : augmented --</subfield><subfield code='t'>Up-beat --</subfield><subfield code='t'>Jam session --</subfield><subfield code='t'>Be-bop boys --</subfield><subfield code='t'>Tag.</subfield></datafield><datafield ind1='0' ind2='0' tag='505'><subfield code='g'>Volume 3, continued. Montage of a dream deferred. Vice versa to Bach.</subfield><subfield code='t'>Theme for English B --</subfield><subfield code='t'>College formal : Renaissance casino --</subfield><subfield code='t'>Low to high --</subfield><subfield code='t'>Boogie, 1 a.m. --</subfield><subfield code='t'>High to low --</subfield><subfield code='t'>Lady&apos;s boogie --</subfield><subfield code='t'>Freedom train --</subfield><subfield code='t'>Deferred --</subfield><subfield code='t'>Request --</subfield><subfield code='t'>Shame on you --</subfield><subfield code='t'>World War II.</subfield></datafield><datafield ind1='0' ind2='0' tag='505'><subfield code='g'>Volume 3, continued. Montage of a dream deferred. Dream deferred.</subfield><subfield code='t'>Mystery --</subfield><subfield code='t'>Sliver of sermon --</subfield><subfield code='t'>Testimonial --</subfield><subfield code='t'>Passing --</subfield><subfield code='t'>Nightmare boogie --</subfield><subfield code='t'>Sunday by the combination --</subfield><subfield code='t'>Casualty --</subfield><subfield code='t'>Night funeral in Harlem --</subfield><subfield code='t'>Blues at dawn --</subfield><subfield code='t'>Dime --</subfield><subfield code='t'>Argument --</subfield><subfield code='t'>Neighbor --</subfield><subfield code='t'>Evening song --</subfield><subfield code='t'>Chord --</subfield><subfield code='t'>Fact --</subfield><subfield code='t'>Joe Louis --</subfield><subfield code='t'>Subway rush hour --</subfield><subfield code='t'>Brothers --</subfield><subfield code='t'>Likewise --</subfield><subfield code='t'>Sliver --</subfield><subfield code='t'>Hope --</subfield><subfield code='t'>Dream boogie : variation.</subfield></datafield><datafield ind1='0' ind2='0' tag='505'><subfield code='g'>Volume 3, continued. Montage of a dream deferred. Lenox Avenue mural.</subfield><subfield code='t'>Harlem --</subfield><subfield code='t'>Good morning --</subfield><subfield code='t'>Same in blues --</subfield><subfield code='t'>Comment on curb --</subfield><subfield code='t'>Letter --</subfield><subfield code='t'>Island.</subfield></datafield><datafield ind1='0' ind2='0' tag='505'><subfield code='g'>Volume 3, continued. Ask your mama.</subfield><subfield code='t'>Cultural exchange --</subfield><subfield code='t'>Ride, Red, ride --</subfield><subfield code='t'>Shades of pigmeat --</subfield><subfield code='t'>Ode to Dinah --</subfield><subfield code='t'>Blues in stereo --</subfield><subfield code='t'>Horn of plenty --</subfield><subfield code='t'>Gospel cha-cha --</subfield><subfield code='t'>Is it true? --</subfield><subfield code='t'>Ask your mama --</subfield><subfield code='t'>Bird in orbit --</subfield><subfield code='t'>Jazztet muted --</subfield><subfield code='t'>Show fare, please.</subfield></datafield><datafield ind1='0' ind2='0' tag='505'><subfield code='g'>Volume 3, continued. The panther and the lash. Words on fire.</subfield><subfield code='t'>Corner meeting --</subfield><subfield code='t'>Harlem --</subfield><subfield code='t'>Prime --</subfield><subfield code='t'>Crowns and garlands --</subfield><subfield code='t'>Elderly leaders --</subfield><subfield code='t'>The backlash blues --</subfield><subfield code='t'>Lenox Avenue bar --</subfield><subfield code='t'>Motto --</subfield><subfield code='t'>Junior addict --</subfield><subfield code='t'>Dream deferred --</subfield><subfield code='t'>Death in Yorkville --</subfield><subfield code='t'>Who but the Lord? --</subfield><subfield code='t'>Third degree --</subfield><subfield code='t'>Black Panther --</subfield><subfield code='t'>Final call.</subfield></datafield><datafield ind1='0' ind2='0' tag='505'><subfield code='g'>Volume 3, continued. The panther and the lash. American heartbreak.</subfield><subfield code='t'>American heartbreak --</subfield><subfield code='t'>Ghosts of 1619 --</subfield><subfield code='t'>October 16 : the raid --</subfield><subfield code='t'>Long view : Negro --</subfield><subfield code='t'>Frederick Douglass : 1817-1895 --</subfield><subfield code='t'>Still here --</subfield><subfield code='t'>Words like freedom.</subfield></datafield><datafield ind1='0' ind2='0' tag='505'><subfield code='g'>Volume 3. The panther and the lash. The Bible belt.</subfield><subfield code='t'>Christ in Alabama --</subfield><subfield code='t'>Bible belt --</subfield><subfield code='t'>Militant --</subfield><subfield code='t'>Office building : evening --</subfield><subfield code='t'>Florida road workers --</subfield><subfield code='t'>Special bulletin --</subfield><subfield code='t'>Mississippi --</subfield><subfield code='t'>Ku Klux --</subfield><subfield code='t'>Justice --</subfield><subfield code='t'>Birmingham Sunday --</subfield><subfield code='t'>Bombings in Dixie --</subfield><subfield code='t'>Children&apos;s rhymes --</subfield><subfield code='t'>Down where I am.</subfield></datafield><datafield ind1='0' ind2='0' tag='505'><subfield code='g'>Volume 3, continued. The panther and the lash. The face of war.</subfield><subfield code='t'>Mother in wartime --</subfield><subfield code='t'>Without benefit of declaration --</subfield><subfield code='t'>Official notice --</subfield><subfield code='t'>Peace --</subfield><subfield code='t'>Last prince of the east --</subfield><subfield code='t'>The dove --</subfield><subfield code='t'>War.</subfield></datafield><datafield ind1='0' ind2='0' tag='505'><subfield code='g'>Volume 3, continued. The panther and the lash. African question mark.</subfield><subfield code='t'>Oppression --</subfield><subfield code='t'>Angola question mark --</subfield><subfield code='t'>Lumumba&apos;s grave --</subfield><subfield code='t'>Color --</subfield><subfield code='t'>Question and answer --</subfield><subfield code='t'>History.</subfield></datafield><datafield ind1='0' ind2='0' tag='505'><subfield code='g'>Volume 3, continued. The panther and the lash. Dinner guest : me.</subfield><subfield code='t'>Dinner guest : me --</subfield><subfield code='t'>Northern liberal --</subfield><subfield code='t'>Sweet words on race --</subfield><subfield code='t'>Un-American investigators --</subfield><subfield code='t'>Slave --</subfield><subfield code='t'>Undertow --</subfield><subfield code='t'>Little song on housing --</subfield><subfield code='t'>Cultural exchange --</subfield><subfield code='t'>Frosting --</subfield><subfield code='t'>Impasse.</subfield></datafield><datafield ind1='0' ind2='0' tag='505'><subfield code='g'>Volume 3, continued. The panther and the lash. Daybreak in Alabama.</subfield><subfield code='t'>Freedom --</subfield><subfield code='t'>Go slow --</subfield><subfield code='t'>Merry-go-round --</subfield><subfield code='t'>Dream dust --</subfield><subfield code='t'>Stokely Malcolm me --</subfield><subfield code='t'>Slum dreams --</subfield><subfield code='t'>Georgia dusk --</subfield><subfield code='t'>Where? When? Which? --</subfield><subfield code='t'>Vari-colored song --</subfield><subfield code='t'>Jim Crow car --</subfield><subfield code='t'>Warning --</subfield><subfield code='t'>Daybreak in Alabama.</subfield></datafield><datafield ind1='0' ind2='0' tag='505'><subfield code='g'>Volume 3, continued. Uncollected poems, 1951-1960.</subfield><subfield code='t'>Prelude to our age --</subfield><subfield code='t'>Where service is needed --</subfield><subfield code='t'>Consider me --</subfield><subfield code='t'>So long --</subfield><subfield code='t'>Tomorrow&apos;s seed --</subfield><subfield code='t'>Hero--International Brigade --</subfield><subfield code='t'>The Christmas story --</subfield><subfield code='t'>No regrets --</subfield><subfield code='t'>A ballad of Negro history --</subfield><subfield code='t'>Hope for Harlem --</subfield><subfield code='t'>Ultimatum : kid to kid --</subfield><subfield code='t'>Ballad of the two thieves --</subfield><subfield code='t'>Africa --</subfield><subfield code='t'>Envoy to Africa --</subfield><subfield code='t'>Ballad of Booker T. --</subfield><subfield code='t'>Addition --</subfield><subfield code='t'>Poet to bigot --</subfield><subfield code='t'>Room --</subfield><subfield code='t'>Do you reckon? --</subfield><subfield code='t'>Lincoln University, 1954 --</subfield><subfield code='t'>Draftees --</subfield><subfield code='t'>Azikiwe in jail --</subfield><subfield code='t'>Old Walt --</subfield><subfield code='t'>Us, colored --</subfield><subfield code='t'>Miss Blues&apos;es child --</subfield><subfield code='t'>Delinquent --</subfield><subfield code='t'>Mean old yesterday --</subfield><subfield code='t'>In explanation of our times --</subfield><subfield code='t'>Plaint --</subfield><subfield code='t'>The thorn --</subfield><subfield code='t'>Brotherly love --</subfield><subfield code='t'>Two somewhat different epigrams --</subfield><subfield code='t'>Last call --</subfield><subfield code='t'>Late corner --</subfield><subfield code='t'>Acceptance --</subfield><subfield code='t'>Testament --</subfield><subfield code='t'>Gone boy --</subfield><subfield code='t'>Memo to non-white peoples --</subfield><subfield code='t'>Expendable --</subfield><subfield code='t'>Bouquet --</subfield><subfield code='t'>Departure --</subfield><subfield code='t'>Dixie South Africa --</subfield><subfield code='t'>Communiqué --</subfield><subfield code='t'>Casual --</subfield><subfield code='t'>Numbered --</subfield><subfield code='t'>The last man living --</subfield><subfield code='t'>On a pallet of straw --</subfield><subfield code='t'>Carol of the brown king --</subfield><subfield code='t'>On a Christmas night --</subfield><subfield code='t'>Ballad of Mary&apos;s son --</subfield><subfield code='t'>Pastoral --</subfield><subfield code='t'>Little cats --</subfield><subfield code='t'>Not else--but --</subfield><subfield code='t'>Tambourines --</subfield><subfield code='t'>As befits a man --</subfield><subfield code='t'>Maybe --</subfield><subfield code='t'>Blue Monday --</subfield><subfield code='t'>to Artina --</subfield><subfield code='t'>Uncle Tom --</subfield><subfield code='t'>Abe Lincoln --</subfield><subfield code='t'>Imagine --</subfield><subfield code='t'>&quot;The Jesus.&quot;</subfield></datafield><datafield ind1='0' ind2='0' tag='505'><subfield code='g'>Volume 3, continued. Uncollected poems, 1961-1967.</subfield><subfield code='t'>If you would --</subfield><subfield code='t'>Encounter --</subfield><subfield code='t'>Pair in one --</subfield><subfield code='t'>Good bluffers --</subfield><subfield code='t'>Number --</subfield><subfield code='t'>Silent one --</subfield><subfield code='t'>Doorknobs --</subfield><subfield code='t'>We, too --</subfield><subfield code='t'>For Russell and Rowena Jelliffe --</subfield><subfield code='t'>Dream of freedom --</subfield><subfield code='t'>Small memory --</subfield><subfield code='t'>Drums --</subfield><subfield code='t'>Chicago --</subfield><subfield code='t'>Old age --</subfield><subfield code='t'>To you --</subfield><subfield code='t'>Not what was --</subfield><subfield code='t'>Christmas Eve, nearing midnight in New York --</subfield><subfield code='t'>Metropolitan Museum --</subfield><subfield code='t'>Emperor Haile Selassie --</subfield><subfield code='t'>Suburban evening --</subfield><subfield code='t'>Demonstration --</subfield><subfield code='t'>Bitter brew --</subfield><subfield code='t'>Freedom --</subfield><subfield code='t'>Flotsam.</subfield></datafield><datafield ind1='0' ind2='0' tag='505'><subfield code='g'>Volume 3, continued. Appendix. Poems circulated by the Associated Negro press.</subfield><subfield code='t'>Song of the refugee road --</subfield><subfield code='t'>America&apos;s young black Joe! --</subfield><subfield code='t'>Ballad of the fool --</subfield><subfield code='t'>Ballad of Walter White --</subfield><subfield code='t'>The Mitchell case --</subfield><subfield code='t'>Explain it, please --</subfield><subfield code='t'>Ballad of the black sheep --</subfield><subfield code='t'>Epitaph --</subfield><subfield code='t'>So tired blues --</subfield><subfield code='t'>Return to sea --</subfield><subfield code='t'>Jazz girl --</subfield><subfield code='t'>Pathological puzzle --</subfield><subfield code='t'>Dixie man to Uncle Sam --</subfield><subfield code='t'>Governor fires dean --</subfield><subfield code='t'>Get up off that old jive --</subfield><subfield code='t'>Fourth of July thought --</subfield><subfield code='t'>Battle ground --</subfield><subfield code='t'>Joe Louis --</subfield><subfield code='t'>Crow goes, too --</subfield><subfield code='t'>Lonely nocturne --</subfield><subfield code='t'>Troubled water --</subfield><subfield code='t'>Total war --</subfield><subfield code='t'>Gandhi is fasting --</subfield><subfield code='t'>Judge William Hastie --</subfield><subfield code='t'>What I think --</subfield><subfield code='t'>Just an ordinary guy --</subfield><subfield code='t'>Speaking of food --</subfield><subfield code='t'>Puzzlement --</subfield><subfield code='t'>The bells toll kindly --</subfield><subfield code='t'>Madam and the crime wave --</subfield><subfield code='t'>Madam&apos;s Christmas, or merry Christmas everybody --</subfield><subfield code='t'>Song after lynching --</subfield><subfield code='t'>Bonds for all --</subfield><subfield code='t'>Poor girl&apos;s ruination --</subfield><subfield code='t'>Poem to Uncle Sam --</subfield><subfield code='t'>Song of adoration --</subfield><subfield code='t'>Bonds : in memoriam --</subfield><subfield code='t'>Worriation --</subfield><subfield code='t'>Ballad of Harry Moore --</subfield><subfield code='t'>Message to the president --</subfield><subfield code='t'>Promised land --</subfield><subfield code='t'>Chicago blues.</subfield></datafield><datafield ind1='0' ind2='0' tag='505'><subfield code='g'>Volume 4.</subfield><subfield code='t'>Not without laughter --</subfield><subfield code='t'>Tambourines to glory.</subfield></datafield><datafield ind1='0' ind2='0' tag='505'><subfield code='g'>Volume 5.</subfield><subfield code='t'>Mulatto --</subfield><subfield code='t'>Mule bone --</subfield><subfield code='t'>Scottsboro, limited --</subfield><subfield code='t'>Harvest --</subfield><subfield code='t'>Angelo Herndon Jones --</subfield><subfield code='t'>Little Ham --</subfield><subfield code='t'>Soul gone home --</subfield><subfield code='t'>Mother and child --</subfield><subfield code='t'>Emperor of Haiti (troubled island) --</subfield><subfield code='t'>When the Jack hollers, or Careless love --</subfield><subfield code='t'>Joy to my soul --</subfield><subfield code='t'>Front porch --</subfield><subfield code='t'>Don&apos;t you want to be free? --</subfield><subfield code='t'>Six satires --</subfield><subfield code='t'>The sun do move.</subfield></datafield><datafield ind1='0' ind2='0' tag='505'><subfield code='g'>Volume 6. Operas.</subfield><subfield code='t'>Troubled island ;</subfield><subfield code='t'>The organizer ;</subfield><subfield code='t'>The barrier ;</subfield><subfield code='t'>Esther ;</subfield><subfield code='t'>Port town --</subfield><subfield code='g'>Musicals.</subfield><subfield code='t'>Tropics after dark ;</subfield><subfield code='t'>Simply heavenly ;</subfield><subfield code='t'>Mister Jazz ;</subfield><subfield code='t'>Jericho--Jim Crow ;</subfield><subfield code='t'>Tambourines to glory --</subfield><subfield code='g'>Gospel plays.</subfield><subfield code='t'>Black nativity ;</subfield><subfield code='t'>The gospel glow ;</subfield><subfield code='t'>Master of miracles ;</subfield><subfield code='t'>The prodigal son --</subfield><subfield code='g'>Miscellaneous plays.</subfield><subfield code='t'>For this we fight ;</subfield><subfield code='t'>The ballot and me --</subfield><subfield code='g'>Radio plays.</subfield><subfield code='t'>Booker T. Washington in Atlanta ;</subfield><subfield code='t'>Brothers ;</subfield><subfield code='t'>Pvt. Jim Crow ;</subfield><subfield code='t'>In the service of my country --</subfield><subfield code='g'>Ballet librettos.</subfield><subfield code='t'>The Amazon queen ;</subfield><subfield code='t'>The Saint Louis blues ;</subfield><subfield code='t'>Blues to be-bop ballet ;</subfield><subfield code='t'>Two brothers = Dos hermanos ;</subfield><subfield code='t'>Ask your mama ;</subfield><subfield code='t'>Bessie Smith descends ;</subfield><subfield code='t'>Carmelita and the cockatoo ;</subfield><subfield code='t'>The Conga ends --</subfield><subfield code='g'>Lyrics from musicals.</subfield><subfield code='t'>Street scene ;</subfield><subfield code='t'>Just around the corner --</subfield><subfield code='g'>Cantatas.</subfield><subfield code='t'>The five foolish virgins ;</subfield><subfield code='t'>Godly is the house of God ;</subfield><subfield code='t'>The glory around His head ;</subfield><subfield code='t'>Ballad of the brown king ;</subfield><subfield code='t'>Let us remember.</subfield></datafield><datafield ind1='0' ind2='0' tag='505'><subfield code='g'>Volume 7.</subfield><subfield code='t'>Simple speaks his mind --</subfield><subfield code='t'>Simple takes a wife.</subfield></datafield><datafield ind1='0' ind2='0' tag='505'><subfield code='g'>Volume 8.</subfield><subfield code='t'>Simple stakes a claim --</subfield><subfield code='t'>Simple&apos;s Uncle Sam --</subfield><subfield code='g'>Uncollected stories.</subfield><subfield code='t'>Remembrances ;</subfield><subfield code='t'>Wigs, women, and falsies ;</subfield><subfield code='t'>On women who drink you up ;</subfield><subfield code='t'>Hairdos ;</subfield><subfield code='t'>Cousin Minnie wins ;</subfield><subfield code='t'>Riddles ;</subfield><subfield code='t'>Color of the law ;</subfield><subfield code='t'>Simple and the high prices ;</subfield><subfield code='t'>Everybody&apos;s difference ;</subfield><subfield code='t'>Intermarriage ;</subfield><subfield code='t'>Liberals need a mascot ;</subfield><subfield code='t'>Serious talk about the atom bomb ;</subfield><subfield code='t'>Brainwashed ;</subfield><subfield code='t'>Help, mayor, help! ;</subfield><subfield code='t'>Little Klanny ;</subfield><subfield code='t'>Simple&apos;s psychosis ;</subfield><subfield code='t'>Pictures ;</subfield><subfield code='t'>Simple arithmetic ;</subfield><subfield code='t'>Africa&apos;s daughters ;</subfield><subfield code='t'>African names ;</subfield><subfield code='t'>Harems and robes ;</subfield><subfield code='t'>Money and mice ;</subfield><subfield code='t'>Population explosion ;</subfield><subfield code='t'>Youthhood ;</subfield><subfield code='t'>Hail and farewell.</subfield></datafield><datafield ind1='0' ind2=' ' tag='505'><subfield code='a'>Volume 9. Essays on art, race, politics, and world affairs -- v. 10. &quot;Fight for freedom&quot; and other writings on civil rights.</subfield></datafield><datafield ind1='0' ind2='0' tag='505'><subfield code='g'>Volume 11. Contributions to the Brownies&apos; book.</subfield><subfield code='t'>Mexican games --</subfield><subfield code='t'>In a Mexican city --</subfield><subfield code='t'>The gold piece : a play that might be true --</subfield><subfield code='t'>Up to the crater of an old volcano.</subfield></datafield><datafield ind1='0' ind2='0' tag='505'><subfield code='g'>Volume 11, continued. Poetry. The dream keeper and other poems.</subfield><subfield code='t'>The dream keeper ;</subfield><subfield code='t'>Winter moon ;</subfield><subfield code='t'>Fairies ;</subfield><subfield code='t'>Autumn thought ;</subfield><subfield code='t'>Dreams ;</subfield><subfield code='t'>April rain song ;</subfield><subfield code='t'>After many springs ;</subfield><subfield code='t'>Winter sweetness ;</subfield><subfield code='t'>Quiet girl ;</subfield><subfield code='t'>Poem ;</subfield><subfield code='t'>Joy --</subfield><subfield code='g'>Sea charm.</subfield><subfield code='t'>Water-front streets ;</subfield><subfield code='t'>Long trip ;</subfield><subfield code='t'>Sea calm ;</subfield><subfield code='t'>Sailor ;</subfield><subfield code='t'>Seascape ;</subfield><subfield code='t'>Mexican market woman ;</subfield><subfield code='t'>Beggar boy ;</subfield><subfield code='t'>Parisian beggar woman ;</subfield><subfield code='t'>Irish wake ;</subfield><subfield code='t'>Death of an old seaman ;</subfield><subfield code='t'>Sea charm --</subfield><subfield code='g'>Dressed up.</subfield><subfield code='t'>Dressed up ;</subfield><subfield code='t'>Reasons why ;</subfield><subfield code='t'>Negro dancers ;</subfield><subfield code='t'>The weary blues ;</subfield><subfield code='t'>Homesick blues ;</subfield><subfield code='t'>Wide river ;</subfield><subfield code='t'>Minstrel man ;</subfield><subfield code='t'>A black Pierrot ;</subfield><subfield code='t'>Bound no̕ th blues ;</subfield><subfield code='t'>Song ;</subfield><subfield code='t'>Passing love ;</subfield><subfield code='t'>When Sue wears red ;</subfield><subfield code='t'>Po̕ boy blues ;</subfield><subfield code='t'>Song for a banjo dance ;</subfield><subfield code='t'>Night and morn --</subfield><subfield code='g'>Feet o̕ Jesus.</subfield><subfield code='t'>Feet o̕ Jesus ;</subfield><subfield code='t'>Sinner ;</subfield><subfield code='t'>Prayer ;</subfield><subfield code='t'>Judgment day ;</subfield><subfield code='t'>Ma lord ;</subfield><subfield code='t'>Baby ;</subfield><subfield code='t'>Lullaby ;</subfield><subfield code='t'>Prayer meeting --</subfield><subfield code='g'>Walkers with the dawn.</subfield><subfield code='t'>Walkers with the dawn ;</subfield><subfield code='t'>African dance ;</subfield><subfield code='t'>Aunt Sue&apos;s stories ;</subfield><subfield code='t'>Alabama earth ;</subfield><subfield code='t'>My people ;</subfield><subfield code='t'>Lincoln Monument : Washington ;</subfield><subfield code='t'>Dream variation ;</subfield><subfield code='t'>Sun song ;</subfield><subfield code='t'>The Negro speaks of rivers ;</subfield><subfield code='t'>The Negro ;</subfield><subfield code='t'>Mother to son ;</subfield><subfield code='t'>As I grew older ;</subfield><subfield code='t'>I, too ;</subfield><subfield code='t'>Youth.</subfield></datafield><datafield ind1='0' ind2='0' tag='505'><subfield code='g'>Volume 11, continued. Poetry.</subfield><subfield code='t'>The sweet and sour animal book --</subfield><subfield code='g'>Uncollected poems for children.</subfield><subfield code='t'>Signs of spring ;</subfield><subfield code='t'>The lament of a vanquished beau ;</subfield><subfield code='t'>Mister Sandman ;</subfield><subfield code='t'>Thanksgiving time ;</subfield><subfield code='t'>Trip, San Francisco ;</subfield><subfield code='t'>Garment ;</subfield><subfield code='t'>The kids in school with me ;</subfield><subfield code='t'>We&apos;re all in the telephone book ;</subfield><subfield code='t'>City ;</subfield><subfield code='t'>To make words sing ;</subfield><subfield code='t'>Gypsies ;</subfield><subfield code='t'>There&apos;s always weather ;</subfield><subfield code='t'>New flowers ;</subfield><subfield code='t'>Year round ;</subfield><subfield code='t'>Country ;</subfield><subfield code='t'>Grandpa&apos;s stories ;</subfield><subfield code='t'>Piggy-back ;</subfield><subfield code='t'>Shearing time ;</subfield><subfield code='t'>Brand new clothes ;</subfield><subfield code='t'>Problems ;</subfield><subfield code='t'>Not often ;</subfield><subfield code='t'>Grocery store ;</subfield><subfield code='t'>Poor Rover ;</subfield><subfield code='t'>The blues ;</subfield><subfield code='t'>Silly animals ;</subfield><subfield code='t'>Old dog Queenie ;</subfield><subfield code='t'>Little song ;</subfield><subfield code='t'>Friendly in a friendly way ;</subfield><subfield code='t'>Shepherd&apos;s song at Christmas.</subfield></datafield><datafield ind1='0' ind2='0' tag='505'><subfield code='g'>Volume 11, continued. Fiction.</subfield><subfield code='t'>Popo and Fifina, children of Haiti --</subfield><subfield code='t'>Black misery --</subfield><subfield code='t'>The pasteboard bandit.</subfield></datafield><datafield ind1='0' ind2='0' tag='505'><subfield code='g'>Volume 11, continued. &quot;First books&quot;.</subfield><subfield code='t'>The first book of Negroes --</subfield><subfield code='t'>The first book of rhythms --</subfield><subfield code='t'>The first book of jazz --</subfield><subfield code='t'>The first book of the West Indies --</subfield><subfield code='t'>The first book of Africa.</subfield></datafield><datafield ind1='0' ind2=' ' tag='505'><subfield code='a'>Volume 12. Works for children and young adults : biographies.</subfield></datafield><datafield ind1='0' ind2='0' tag='505'><subfield code='g'>Volume 13. Autobiography.</subfield><subfield code='t'>The big sea.</subfield></datafield><datafield ind1='0' ind2='0' tag='505'><subfield code='g'>Volume 14. Autobiography.</subfield><subfield code='t'>I wonder as I wander.</subfield></datafield><datafield ind1='0' ind2='0' tag='505'><subfield code='g'>Volume 15.</subfield><subfield code='t'>The ways of white folks --</subfield><subfield code='t'>Laughing to keep from crying --</subfield><subfield code='t'>Something in common and other stories --</subfield><subfield code='t'>Uncollected stories.</subfield><subfield code='t'>Mary Winosky ;</subfield><subfield code='t'>Those who have no turkey ;</subfield><subfield code='t'>Seventy-five dollars ;</subfield><subfield code='t'>Bodies in the moonlight ;</subfield><subfield code='t'>The childhood of Jimmy ;</subfield><subfield code='t'>The young glory of him ;</subfield><subfield code='t'>The little virgin ;</subfield><subfield code='t'>Luani of the jungles.</subfield></datafield><datafield ind1='0' ind2='0' tag='505'><subfield code='g'>Volume 16. The translations : Federico García Lorca, Nicolás Guillén, and Jacques Roumain.</subfield><subfield code='t'>Blood wedding /</subfield><subfield code='r'>Federico García Lorca --</subfield><subfield code='t'>Cuba libre /</subfield><subfield code='r'>Nicolás Guillén --</subfield><subfield code='t'>Masters of the dew /</subfield><subfield code='r'>Jacques Roumain.</subfield></datafield><datafield ind1='0' ind2='0' tag='505'><subfield code='g'>Volume 17.</subfield><subfield code='t'>The sweet flypaper of life.</subfield></datafield><datafield ind1='0' ind2=' ' tag='505'><subfield code='a'>Volume 18. An annotated bibliography of the works.</subfield></datafield><datafield ind1=' ' ind2=' ' tag='520'><subfield code='a'>The eighteen volumes are published with the goal that Hughes pursued throughout his lifetime: making his books available to the people. Each volume will include a biographical and literary chronology by Arnold Rampersad, as well as an introduction by a Hughes scholar lume introductions will provide contextual and historical information on the particular work.</subfield></datafield><datafield ind1=' ' ind2='1' tag='264'><subfield code='a'>Columbia :</subfield><subfield code='b'>University of Missouri Press,</subfield><subfield code='c'>©2001-&lt;c2004&gt;</subfield></datafield><datafield ind1=' ' ind2=' ' tag='300'><subfield code='a'>volumes &lt;1-16&gt; ;</subfield><subfield code='c'>24 cm</subfield></datafield><datafield ind1=' ' ind2=' ' tag='336'><subfield code='a'>text</subfield><subfield code='b'>txt</subfield><subfield code='2'>rdacontent</subfield></datafield><datafield ind1=' ' ind2=' ' tag='337'><subfield code='a'>unmediated</subfield><subfield code='b'>n</subfield><subfield code='2'>rdamedia</subfield></datafield><datafield ind1=' ' ind2=' ' tag='338'><subfield code='a'>volume</subfield><subfield code='b'>nc</subfield><subfield code='2'>rdacarrier</subfield></datafield><datafield ind1='1' ind2='0' tag='240'><subfield code='a'>Works (2001)</subfield></datafield><datafield ind1='1' ind2='4' tag='245'><subfield code='a'>The collected works of Langston Hughes /</subfield><subfield code='c'>edited with an introduction by Arnold Rampersad.</subfield></datafield><datafield ind1=' ' ind2=' ' tag='040'><subfield code='a'>DLC</subfield><subfield code='b'>eng</subfield><subfield code='e'>rda</subfield><subfield code='c'>DLC</subfield><subfield code='d'>UKM</subfield><subfield code='d'>LVB</subfield><subfield code='d'>OCLCQ</subfield><subfield code='d'>OCL</subfield><subfield code='d'>BAKER</subfield><subfield code='d'>NLGGC</subfield><subfield code='d'>NLC</subfield><subfield code='d'>YDXCP</subfield><subfield code='d'>BTCTA</subfield><subfield code='d'>ZCU</subfield><subfield code='d'>EYP</subfield><subfield code='d'>IBS</subfield><subfield code='d'>UKMGB</subfield><subfield code='d'>IG#</subfield><subfield code='d'>IAD</subfield><subfield code='d'>OCLCF</subfield><subfield code='d'>OCLCO</subfield><subfield code='d'>AJ#</subfield><subfield code='d'>OCLCO</subfield><subfield code='d'>MNY</subfield><subfield code='d'>OCLCQ</subfield><subfield code='d'>TWJ</subfield><subfield code='d'>OCLCQ</subfield><subfield code='d'>CDS</subfield><subfield code='d'>OCL</subfield><subfield code='d'>OCLCQ</subfield><subfield code='d'>TYC</subfield><subfield code='d'>WEZ</subfield><subfield code='d'>NFS</subfield><subfield code='d'>PAU</subfield><subfield code='d'>OCLCQ</subfield><subfield code='d'>BGU</subfield><subfield code='d'>ORU</subfield><subfield code='d'>OCLCA</subfield><subfield code='d'>CPS</subfield><subfield code='d'>IAI</subfield><subfield code='d'>CBA</subfield><subfield code='d'>WLU</subfield><subfield code='d'>CSA</subfield><subfield code='d'>OCLCO</subfield><subfield code='d'>DCHUA</subfield><subfield code='d'>OCLCO</subfield><subfield code='d'>OCL</subfield><subfield code='d'>OCLCO</subfield><subfield code='d'>OCLCA</subfield><subfield code='d'>OCLCQ</subfield><subfield code='d'>OCLCO</subfield><subfield code='d'>OCL</subfield><subfield code='d'>OCLCO</subfield><subfield code='d'>ZHC</subfield><subfield code='d'>KK2</subfield><subfield code='d'>OCLCO</subfield><subfield code='d'>CZL</subfield><subfield code='d'>OCLCQ</subfield><subfield code='d'>B3G</subfield><subfield code='d'>OCLCO</subfield><subfield code='d'>OCL</subfield><subfield code='d'>CIA</subfield><subfield code='d'>AUD</subfield><subfield code='d'>OCLCO</subfield><subfield code='d'>OCLCL</subfield></datafield><datafield ind1=' ' ind2=' ' tag='043'><subfield code='a'>n-us---</subfield></datafield><datafield ind1=' ' ind2=' ' tag='049'><subfield code='a'>NYPP</subfield></datafield><datafield ind1='0' ind2='0' tag='050'><subfield code='a'>PS3515</subfield><subfield code='b'>.U274 2001</subfield></datafield><datafield ind1=' ' ind2=' ' tag='901'><subfield code='a'>MARS</subfield></datafield><datafield ind1='0' ind2='0' tag='908'><subfield code='a'>PS3515</subfield><subfield code='b'>.U274 2001</subfield></datafield><datafield ind1=' ' ind2=' ' tag='901'><subfield code='a'>NC</subfield><subfield code='b'>SCR</subfield></datafield><datafield ind1=' ' ind2=' ' tag='910'><subfield code='a'>RL</subfield></datafield><datafield ind1='0' ind2='0' tag='907'><subfield code='a'>.b151025174</subfield></datafield><datafield ind1=' ' ind2=' ' tag='035'><subfield code='a'>(OCoLC)45500326</subfield></datafield><datafield ind1='8' ind2=' ' tag='852'><subfield code='h'>JFL 01-468</subfield><subfield code='0'>8233013</subfield><subfield code='b'>scsbnypl</subfield></datafield><datafield ind1=' ' ind2=' ' tag='866'><subfield code='a'>v. 9</subfield><subfield code='0'>8233013</subfield></datafield><datafield ind1=' ' ind2=' ' tag='876'><subfield code='0'>8233013</subfield><subfield code='3'>v. 7</subfield><subfield code='a'>13489920</subfield><subfield code='j'>Available</subfield><subfield code='p'>33433030800738</subfield><subfield code='t'>1</subfield><subfield code='x'>Shared</subfield><subfield code='z'>NA</subfield><subfield code='l'>RECAP</subfield></datafield><datafield ind1=' ' ind2=' ' tag='876'><subfield code='0'>8233013</subfield><subfield code='3'>v. 9</subfield><subfield code='a'>13489921</subfield><subfield code='j'>Available</subfield><subfield code='p'>33433030800753</subfield><subfield code='t'>1</subfield><subfield code='x'>Shared</subfield><subfield code='z'>NA</subfield><subfield code='l'>RECAP</subfield></datafield><datafield ind1=' ' ind2=' ' tag='876'><subfield code='0'>8233013</subfield><subfield code='3'>v. 10</subfield><subfield code='a'>13489922</subfield><subfield code='j'>Available</subfield><subfield code='p'>33433030800894</subfield><subfield code='t'>1</subfield><subfield code='x'>Shared</subfield><subfield code='z'>NA</subfield><subfield code='l'>RECAP</subfield></datafield><datafield ind1=' ' ind2=' ' tag='876'><subfield code='0'>8233013</subfield><subfield code='3'>v. 16</subfield><subfield code='a'>13489923</subfield><subfield code='j'>Not Available</subfield><subfield code='p'>33433030845220</subfield><subfield code='t'>1</subfield><subfield code='x'>Shared</subfield><subfield code='z'>NA</subfield><subfield code='l'>RECAP</subfield></datafield><datafield ind1=' ' ind2=' ' tag='876'><subfield code='0'>8233013</subfield><subfield code='3'>v. 15</subfield><subfield code='a'>13489924</subfield><subfield code='j'>Available</subfield><subfield code='p'>33433030800928</subfield><subfield code='t'>1</subfield><subfield code='x'>Shared</subfield><subfield code='z'>NA</subfield><subfield code='l'>RECAP</subfield></datafield><datafield ind1=' ' ind2=' ' tag='876'><subfield code='0'>8233013</subfield><subfield code='3'>v. 6</subfield><subfield code='a'>13489925</subfield><subfield code='j'>Available</subfield><subfield code='p'>33433060925959</subfield><subfield code='t'>1</subfield><subfield code='x'>Shared</subfield><subfield code='z'>NA</subfield><subfield code='l'>RECAP</subfield></datafield><datafield ind1=' ' ind2=' ' tag='876'><subfield code='0'>8233013</subfield><subfield code='3'>v. 1</subfield><subfield code='a'>13489926</subfield><subfield code='j'>Available</subfield><subfield code='p'>33433099281770</subfield><subfield code='t'>1</subfield><subfield code='x'>Shared</subfield><subfield code='z'>NA</subfield><subfield code='l'>RECAP</subfield></datafield><datafield ind1=' ' ind2=' ' tag='876'><subfield code='0'>8233013</subfield><subfield code='3'>v. 2</subfield><subfield code='a'>13489927</subfield><subfield code='j'>Available</subfield><subfield code='p'>33433030800696</subfield><subfield code='t'>1</subfield><subfield code='x'>Shared</subfield><subfield code='z'>NA</subfield><subfield code='l'>RECAP</subfield></datafield><datafield ind1=' ' ind2=' ' tag='876'><subfield code='0'>8233013</subfield><subfield code='3'>v. 5</subfield><subfield code='a'>13489928</subfield><subfield code='j'>Available</subfield><subfield code='p'>33433030800720</subfield><subfield code='t'>1</subfield><subfield code='x'>Shared</subfield><subfield code='z'>NA</subfield><subfield code='l'>RECAP</subfield></datafield><datafield ind1=' ' ind2=' ' tag='876'><subfield code='0'>8233013</subfield><subfield code='3'>v. 8</subfield><subfield code='a'>13489929</subfield><subfield code='j'>Available</subfield><subfield code='p'>33433030800746</subfield><subfield code='t'>1</subfield><subfield code='x'>Shared</subfield><subfield code='z'>NA</subfield><subfield code='l'>RECAP</subfield></datafield><datafield ind1=' ' ind2=' ' tag='876'><subfield code='0'>8233013</subfield><subfield code='3'>v. 12</subfield><subfield code='a'>13489930</subfield><subfield code='j'>Available</subfield><subfield code='p'>33433030800902</subfield><subfield code='t'>1</subfield><subfield code='x'>Shared</subfield><subfield code='z'>NA</subfield><subfield code='l'>RECAP</subfield></datafield><datafield ind1=' ' ind2=' ' tag='876'><subfield code='0'>8233013</subfield><subfield code='3'>v. 13</subfield><subfield code='a'>13489931</subfield><subfield code='j'>Available</subfield><subfield code='p'>33433030800910</subfield><subfield code='t'>1</subfield><subfield code='x'>Shared</subfield><subfield code='z'>NA</subfield><subfield code='l'>RECAP</subfield></datafield><datafield ind1=' ' ind2=' ' tag='876'><subfield code='0'>8233013</subfield><subfield code='3'>v. 14</subfield><subfield code='a'>13489932</subfield><subfield code='j'>Available</subfield><subfield code='p'>33433030818268</subfield><subfield code='t'>1</subfield><subfield code='x'>Shared</subfield><subfield code='z'>NA</subfield><subfield code='l'>RECAP</subfield></datafield></record>