
<record><leader>01355nam a22003497a 4500</leader><controlfield tag='001'>SCSB-11101428</controlfield><controlfield tag='005'>20020606104010.5</controlfield><controlfield tag='008'>011103s2001    enk           001|0 eng  </controlfield><controlfield tag='009'>990087694130203941</controlfield><datafield ind1=' ' ind2=' ' tag='015'><subfield code='a'>GBA1-66642</subfield></datafield><datafield ind1=' ' ind2=' ' tag='020'><subfield code='a'>1900755483</subfield></datafield><datafield ind1=' ' ind2=' ' tag='035'><subfield code='a'>(OCoLC)47193439</subfield><subfield code='z'>(OCoLC)48416712</subfield><subfield code='z'>(OCoLC)84595595</subfield><subfield code='z'>(OCoLC)187550593</subfield><subfield code='z'>(OCoLC)234117742</subfield><subfield code='z'>(OCoLC)1078020942</subfield><subfield code='z'>(OCoLC)1172090530</subfield></datafield><datafield ind1=' ' ind2=' ' tag='040'><subfield code='a'>UKM</subfield><subfield code='c'>UKM</subfield><subfield code='d'>CUS</subfield></datafield><datafield ind1=' ' ind2='4' tag='050'><subfield code='a'>PJ5113</subfield><subfield code='b'>.Y48 2001</subfield></datafield><datafield ind1=' ' ind2='4' tag='060'><subfield code='a'>000098392 B</subfield></datafield><datafield ind1='0' ind2='4' tag='082'><subfield code='a'>439.1</subfield><subfield code='2'>21</subfield></datafield><datafield ind1=' ' ind2=' ' tag='090'><subfield code='a'>PJ5113</subfield><subfield code='b'>.M46 2000</subfield></datafield><datafield ind1='2' ind2=' ' tag='111'><subfield code='a'>Mendel Friedman International Conference on Yiddish</subfield><subfield code='n'>(3rd :</subfield><subfield code='d'>2000 :</subfield><subfield code='c'>Oxford, England)</subfield></datafield><datafield ind1='1' ind2='0' tag='245'><subfield code='a'>Yiddish and the Left :</subfield><subfield code='b'>[papers of the Third Mendel Friedman International Conference on Yiddish] /</subfield><subfield code='c'>edited by Gennady Estraikh and Mikhail Krutikov.</subfield></datafield><datafield ind1=' ' ind2=' ' tag='260'><subfield code='a'>Oxford :</subfield><subfield code='b'>European Humanities Research Centre,</subfield><subfield code='c'>2001.</subfield></datafield><datafield ind1=' ' ind2=' ' tag='300'><subfield code='a'>viii, 325 p. ;</subfield><subfield code='c'>22 cm.</subfield></datafield><datafield ind1='1' ind2=' ' tag='490'><subfield code='a'>Studies in Yiddish ;</subfield><subfield code='v'>3</subfield></datafield><datafield ind1=' ' ind2=' ' tag='500'><subfield code='a'>Conference held in Oxford in July 2000.</subfield></datafield><datafield ind1=' ' ind2=' ' tag='504'><subfield code='a'>Includes bibliographical references and index.</subfield></datafield><datafield ind1='0' ind2=' ' tag='505'><subfield code='a'>1. The Question of Human Rights in American Yiddish Journalism: The Examples of Di tsukunft / Steven Cassedy -- 2. Socialism with a Jewish Face: The Origins of the Yiddish-Speaking Communist Movement in the United States, 1907-1923 / Tony Michels -- 3. Abraham Cahan&apos;s Travels in Jewish Homelands: Palestine in 1925 and the Soviet Union in 1927 / Daniel Soyer -- 4. Diaspora, Ethnicity and Dreams of Nationhood: American Jewish Communists and the Birobidzhan Project / Henry Srebrnik -- 5. The Left Poalei Zion in Inter-War Poland / Samuel D. Kassow -- 6. The History of &apos;The Truth&apos;: Soviet Jewish Activists and the Moscow Yiddish Daily Newspaper / David Shneer -- 7. Metamorphoses of Morgn-frayhayt / Gennady Estraikh -- 8. Yiddish in Poland after 1945 / Eleonora Bergman -- 9. The Cult of Self-Sacrifice in Yiddish Anarchism and Saul Yanovsky&apos;s The First Years of Jewish Libertarian Socialism / Karen Rosenberg -- 10. Abraham Golomb&apos;s Integrated Jewishness / Thomas Soxberger -- 11. Inscribing the Yiddish Past: Inter-War Explorations of Old Yiddish Texts / Barry Trachtenberg -- 12. Soviet Literary Theory in the Search for a Yiddish Canon: The Case of Moshe Litvakov / Mikhail Krutikov -- 13. From Exile to Exile: Bergelson&apos;s Berlin Years / Dafna Clifford -- 14. Chaim Sloves and the Soviet Union: An Essay on the Jewish People in one of its Peregrinations / Annette Aronowicz -- 15. The Status of Yiddish in Jewish Educational Systems in Argentina and Mexico / Efraim Zadoff -- 16. The Image of Apartheid in South African Yiddish Prose Writing / Joseph Sherman.</subfield></datafield><datafield ind1=' ' ind2='0' tag='650'><subfield code='a'>Yiddish language</subfield><subfield code='x'>Political aspects</subfield><subfield code='v'>Congresses.</subfield></datafield><datafield ind1=' ' ind2='0' tag='650'><subfield code='a'>Jews</subfield><subfield code='x'>Politics and government</subfield><subfield code='y'>20th century</subfield><subfield code='v'>Congresses.</subfield></datafield><datafield ind1=' ' ind2='0' tag='650'><subfield code='a'>Sociolinguistics</subfield><subfield code='v'>Congresses.</subfield></datafield><datafield ind1=' ' ind2='0' tag='650'><subfield code='a'>Socialism and Judaism</subfield><subfield code='v'>Congresses.</subfield></datafield><datafield ind1=' ' ind2='0' tag='650'><subfield code='a'>Communism and Judaism</subfield><subfield code='v'>Congresses.</subfield></datafield><datafield ind1=' ' ind2='7' tag='655'><subfield code='a'>Conference papers and proceedings</subfield><subfield code='2'>fast</subfield></datafield><datafield ind1=' ' ind2='7' tag='648'><subfield code='a'>1900-1999</subfield><subfield code='2'>fast</subfield></datafield><datafield ind1='1' ind2=' ' tag='700'><subfield code='a'>Ėstraĭkh, G.</subfield><subfield code='q'>(Gennadiĭ)</subfield></datafield><datafield ind1='1' ind2=' ' tag='700'><subfield code='a'>Krutikov, Mikhail</subfield></datafield><datafield ind1='2' ind2=' ' tag='710'><subfield code='a'>University of Oxford.</subfield><subfield code='b'>European Humanities Research Centre.</subfield></datafield><datafield ind1='1' ind2=' ' tag='700'><subfield code='a'>Krutikov, Mikhail,</subfield><subfield code='d'>1957-</subfield></datafield><datafield ind1='2' ind2=' ' tag='711'><subfield code='a'>Mendel Friedman International Conference on Yiddish</subfield><subfield code='n'>(3rd :</subfield><subfield code='d'>2000 :</subfield><subfield code='c'>University of Oxford)</subfield></datafield><datafield ind1='0' ind2='8' tag='776'><subfield code='i'>Online version:</subfield><subfield code='t'>Yiddish and the Left.</subfield><subfield code='d'>Oxford : European Humanities Research Centre, 2001</subfield><subfield code='w'>(OCoLC)606557045</subfield></datafield><datafield ind1=' ' ind2='0' tag='830'><subfield code='a'>Studies in Yiddish ;</subfield><subfield code='v'>3.</subfield></datafield><datafield ind1='1' ind2=' ' tag='583'><subfield code='a'>committed to retain</subfield><subfield code='c'>20181001</subfield><subfield code='d'>in perpetuity</subfield><subfield code='f'>ReCAP Shared Collection</subfield><subfield code='5'>HUL</subfield><subfield code='8'>222058361170003941</subfield></datafield><datafield ind1='0' ind2=' ' tag='852'><subfield code='c'>HD</subfield><subfield code='h'>PJ5113</subfield><subfield code='i'>.M46 2000</subfield><subfield code='0'>11900335</subfield><subfield code='b'>scsbhl</subfield></datafield><datafield ind1=' ' ind2=' ' tag='876'><subfield code='0'>11900335</subfield><subfield code='a'>17657171</subfield><subfield code='h'> </subfield><subfield code='j'>Available</subfield><subfield code='k'>WID</subfield><subfield code='p'>HXB75L</subfield><subfield code='x'>Shared</subfield><subfield code='z'>HW</subfield><subfield code='l'>HD</subfield></datafield></record>