
<record><leader>00000cam a22003734a 4500</leader><controlfield tag='001'>SCSB-9995123</controlfield><controlfield tag='005'>20060905133635.0</controlfield><controlfield tag='008'>050107s2005    cauah    b   s001 0 eng  </controlfield><controlfield tag='009'>990097140340203941</controlfield><datafield ind1=' ' ind2=' ' tag='010'><subfield code='a'>^^2005000117</subfield></datafield><datafield ind1=' ' ind2=' ' tag='015'><subfield code='a'>GBA525532</subfield><subfield code='2'>bnb</subfield></datafield><datafield ind1='7' ind2=' ' tag='016'><subfield code='a'>013147452</subfield><subfield code='2'>Uk</subfield></datafield><datafield ind1=' ' ind2=' ' tag='020'><subfield code='a'>0520245989 (cloth : alk. paper)</subfield></datafield><datafield ind1=' ' ind2=' ' tag='035'><subfield code='a'>(OCoLC)57432142</subfield><subfield code='z'>(OCoLC)61424228</subfield></datafield><datafield ind1=' ' ind2=' ' tag='040'><subfield code='a'>DLC</subfield><subfield code='c'>DLC</subfield><subfield code='d'>UKM</subfield><subfield code='d'>BAKER</subfield><subfield code='d'>C#P</subfield></datafield><datafield ind1=' ' ind2=' ' tag='042'><subfield code='a'>pcc</subfield></datafield><datafield ind1=' ' ind2=' ' tag='043'><subfield code='a'>a-is---</subfield></datafield><datafield ind1='0' ind2='0' tag='050'><subfield code='a'>DS119.7</subfield><subfield code='b'>.F544 2005</subfield></datafield><datafield ind1=' ' ind2='4' tag='060'><subfield code='a'>000116625</subfield></datafield><datafield ind1='0' ind2='0' tag='082'><subfield code='a'>323.1192/7405694</subfield><subfield code='2'>22</subfield></datafield><datafield ind1='1' ind2=' ' tag='100'><subfield code='a'>Finkelstein, Norman G.</subfield></datafield><datafield ind1='1' ind2='0' tag='245'><subfield code='a'>Beyond chutzpah :</subfield><subfield code='b'>on the misuse of anti-semitism and the abuse of history /</subfield><subfield code='c'>Norman G. Finkelstein.</subfield></datafield><datafield ind1=' ' ind2=' ' tag='260'><subfield code='a'>Berkeley :</subfield><subfield code='b'>University of California Press,</subfield><subfield code='c'>c2005.</subfield></datafield><datafield ind1=' ' ind2=' ' tag='300'><subfield code='a'>xi, 332 p. :</subfield><subfield code='b'>ill., facsims. ;</subfield><subfield code='c'>24 cm.</subfield></datafield><datafield ind1=' ' ind2=' ' tag='504'><subfield code='a'>Includes bibliographical references and index.</subfield></datafield><datafield ind1='0' ind2=' ' tag='505'><subfield code='a'>From Jesus Christ superstar to The passion of the Christ -- Israel : the &quot;Jew among nations&quot; -- Crying wolf -- Impurity of arms -- Three in the back of the head -- Israel&apos;s Abu Ghraib -- Return of the vandals -- Blight unto the nations -- High court takes the low road -- Conclusion -- Appendix I : of crimes and misdemeanors -- Appendix II: history of the Israel-Palestine conflict -- Appendix III: peace process.</subfield></datafield><datafield ind1=' ' ind2=' ' tag='520'><subfield code='a'>Finkelstein, a political science professor and author of The Holocaust Industry: Reflections on the Exploitation of Jewish Suffering, has conducted a rancorous public feud with Harvard Law professor and pro-Israel stalwart Alan Dershowitz over the latter&apos;s The Case for Israel, and here expands his arguments into a vigorous polemic on the Israeli-Palestinian conflict. The first part of the book examines what he feels is a growing tendency of pro-Israel commentators to use spurious charges of anti-Semitism to deflect and discredit legitimate criticism of Israel. The second, much longer, part is a line-by-line debunking of The Case for Israel, which he compares to Communist apologetics for Stalinist Russia.</subfield></datafield><datafield ind1=' ' ind2='0' tag='650'><subfield code='a'>Arab-Israeli conflict</subfield></datafield><datafield ind1=' ' ind2='0' tag='650'><subfield code='a'>Palestinian Arabs</subfield><subfield code='x'>Crimes against.</subfield></datafield><datafield ind1='1' ind2='0' tag='600'><subfield code='a'>Dershowitz, Alan M.</subfield><subfield code='t'>Case for Israel.</subfield></datafield><datafield ind1=' ' ind2='0' tag='650'><subfield code='a'>Zionism</subfield></datafield><datafield ind1=' ' ind2='0' tag='650'><subfield code='a'>Human rights</subfield><subfield code='z'>Palestine.</subfield></datafield><datafield ind1='0' ind2='8' tag='776'><subfield code='i'>Online version:</subfield><subfield code='a'>Finkelstein, Norman G.</subfield><subfield code='t'>Beyond chutzpah.</subfield><subfield code='d'>Berkeley : University of California Press, ©2005</subfield><subfield code='w'>(OCoLC)607267616</subfield></datafield><datafield ind1='1' ind2=' ' tag='583'><subfield code='a'>committed to retain</subfield><subfield code='c'>20181001</subfield><subfield code='d'>in perpetuity</subfield><subfield code='f'>ReCAP Shared Collection</subfield><subfield code='5'>HUL</subfield><subfield code='8'>222095193210003941</subfield></datafield><datafield ind1='0' ind2=' ' tag='852'><subfield code='c'>HD</subfield><subfield code='h'>DS119.7</subfield><subfield code='i'>.F544 2005</subfield><subfield code='0'>10739242</subfield><subfield code='b'>scsbhl</subfield></datafield><datafield ind1=' ' ind2=' ' tag='876'><subfield code='0'>10739242</subfield><subfield code='a'>16432951</subfield><subfield code='h'> </subfield><subfield code='j'>Available</subfield><subfield code='k'>LAW</subfield><subfield code='p'>32044078083367</subfield><subfield code='x'>Shared</subfield><subfield code='z'>HL</subfield><subfield code='l'>HD</subfield></datafield></record>