
<record><leader>01192pam a2200361 a 4500</leader><controlfield tag='001'>SCSB-12140035</controlfield><controlfield tag='005'>20100107123325.0</controlfield><controlfield tag='008'>900703s1992    nyua     b    00010beng  </controlfield><controlfield tag='009'>990026716010203941</controlfield><datafield ind1=' ' ind2=' ' tag='010'><subfield code='a'>^^^90055654^</subfield></datafield><datafield ind1=' ' ind2=' ' tag='020'><subfield code='a'>0845348345 (alk. paper) :</subfield><subfield code='c'>$24.50</subfield></datafield><datafield ind1=' ' ind2=' ' tag='035'><subfield code='a'>(OCoLC)24070147</subfield><subfield code='z'>(OCoLC)29360623</subfield></datafield><datafield ind1=' ' ind2=' ' tag='040'><subfield code='a'>DLC</subfield><subfield code='c'>DLC</subfield><subfield code='d'>DLC</subfield></datafield><datafield ind1='1' ind2=' ' tag='041'><subfield code='a'>eng</subfield><subfield code='h'>heb</subfield></datafield><datafield ind1=' ' ind2=' ' tag='043'><subfield code='a'>a-is---</subfield></datafield><datafield ind1='0' ind2='0' tag='050'><subfield code='a'>D810.J4</subfield><subfield code='b'>E87 1992</subfield></datafield><datafield ind1=' ' ind2='4' tag='060'><subfield code='a'>000094993</subfield></datafield><datafield ind1='0' ind2='0' tag='082'><subfield code='a'>940.54/04</subfield><subfield code='2'>20</subfield></datafield><datafield ind1='1' ind2=' ' tag='100'><subfield code='a'>Ettinger, Amos.</subfield></datafield><datafield ind1='1' ind2='0' tag='240'><subfield code='a'>Tseniḥah ʻiṿeret.</subfield><subfield code='l'>English</subfield></datafield><datafield ind1='1' ind2='0' tag='245'><subfield code='a'>Blind jump :</subfield><subfield code='b'>the story of Shaike Dan /</subfield><subfield code='c'>Amos Ettinger ; with a foreword by Shimon Peres.</subfield></datafield><datafield ind1=' ' ind2=' ' tag='260'><subfield code='a'>New York :</subfield><subfield code='b'>Cornwall Books,</subfield><subfield code='c'>c1992.</subfield></datafield><datafield ind1=' ' ind2=' ' tag='300'><subfield code='a'>389 p. :</subfield><subfield code='b'>ill. ;</subfield><subfield code='c'>25 cm.</subfield></datafield><datafield ind1=' ' ind2=' ' tag='500'><subfield code='a'>Translation of: Tseniḥah ʻiṿeret.</subfield></datafield><datafield ind1=' ' ind2=' ' tag='500'><subfield code='a'>&quot;A Herzl Press book.&quot;</subfield></datafield><datafield ind1=' ' ind2=' ' tag='504'><subfield code='a'>Includes bibliographical references (p. 383-389).</subfield></datafield><datafield ind1=' ' ind2=' ' tag='520'><subfield code='a'>Blind Jump is the story of the amazing exploits of Shaike Dan. During World War II, Shaike Dan volunteered to parachute behind enemy lines in Romania on behalf of British Intelligence. His jump had two objectives: to locate the prison camp where 1,400 Allied Air Force crewman, downed when bombing the Ploesti oil fields in Romania, were being held, and also to find ways to get them out of Romania so that they could go back into action and resume their contribution to the.</subfield></datafield><datafield ind1=' ' ind2=' ' tag='520'><subfield code='a'>War effort. The second objective was to try to rescue Jews from Eastern Europe and get them to Palestine. There were thirty-two volunteer parachutists from Palestine. Some of them parachuted into Yugoslavia, linked up with partisan forces, and stole across frontiers with the help of local smugglers. Many of these volunteers were caught and some of them never returned. Shaike Dan decided on a &quot;blind jump,&quot; so as not to have to rely on the help of smugglers. Immediately.</subfield></datafield><datafield ind1=' ' ind2=' ' tag='520'><subfield code='a'>After he parachuted directly into Romania, he got to work on the mission he had undertaken. Ever since that first jump, Shaike Dan&apos;s life has been a series of &quot;blind jumps.&quot; Through the friends he made during the war, who over the years became key figures in the security services of Eastern Europe, he had access to the highest levels of the regimes in the Communist East. Thus began his remarkable career of rescuing Jews behind the Iron Curtain, an endeavor that continued.</subfield></datafield><datafield ind1=' ' ind2=' ' tag='520'><subfield code='a'>Almost up to the very present. The story of Shaike Dan&apos;s life and work is filled with incredible events and deeds, owing to Shaike&apos;s dedications, his resourcefulness, and his original way of viewing matters. Until recently, Shaike Dan&apos;s name and deeds were kept secret. With the publication of the story of his life, the curtain goes up on the astounding tale of a modern-day Pimpernel.</subfield></datafield><datafield ind1='1' ind2='0' tag='600'><subfield code='a'>Dan, Yeshayahu,</subfield><subfield code='d'>1910-</subfield></datafield><datafield ind1=' ' ind2='0' tag='650'><subfield code='a'>World War, 1939-1945</subfield><subfield code='x'>Participation, Jewish</subfield></datafield><datafield ind1=' ' ind2='0' tag='650'><subfield code='a'>World War, 1939-1945</subfield><subfield code='x'>Jewish resistance</subfield></datafield><datafield ind1=' ' ind2='0' tag='650'><subfield code='a'>World War, 1939-1945</subfield><subfield code='x'>Jews</subfield><subfield code='x'>Rescue</subfield></datafield><datafield ind1=' ' ind2='0' tag='650'><subfield code='a'>Jewish refugees</subfield></datafield><datafield ind1=' ' ind2='0' tag='651'><subfield code='a'>Israel</subfield><subfield code='v'>Biography</subfield></datafield><datafield ind1=' ' ind2='0' tag='651'><subfield code='a'>Palestine</subfield><subfield code='x'>Emigration and immigration</subfield></datafield><datafield ind1='1' ind2='0' tag='610'><subfield code='a'>Great Britain.</subfield><subfield code='b'>Army</subfield><subfield code='x'>Parachute troops</subfield><subfield code='v'>Biography.</subfield></datafield><datafield ind1='1' ind2='6' tag='610'><subfield code='a'>Grande-Bretagne.</subfield><subfield code='b'>Army</subfield><subfield code='x'>Parachutistes</subfield><subfield code='v'>Biographies.</subfield></datafield><datafield ind1='1' ind2='7' tag='610'><subfield code='a'>Great Britain.</subfield><subfield code='b'>Army</subfield><subfield code='2'>fast</subfield><subfield code='0'>(OCoLC)fst00533555</subfield></datafield><datafield ind1='1' ind2='7' tag='610'><subfield code='a'>Great Britain.</subfield><subfield code='b'>Army</subfield><subfield code='x'>Parachute troops.</subfield><subfield code='2'>nli</subfield></datafield><datafield ind1=' ' ind2='7' tag='647'><subfield code='a'>Jews rescue (World War)</subfield><subfield code='d'>(1939-1945)</subfield><subfield code='2'>fast</subfield><subfield code='0'>(OCoLC)fst01710189</subfield><subfield code='1'>https://id.oclc.org/worldcat/entity/E39Qhp4vB9x3mqpcPQb4QfXjjK</subfield></datafield><datafield ind1=' ' ind2='7' tag='647'><subfield code='a'>World War</subfield><subfield code='d'>(1939-1945)</subfield><subfield code='2'>fast</subfield><subfield code='0'>(OCoLC)fst01180924</subfield><subfield code='1'>https://id.oclc.org/worldcat/entity/E39Qhp4vBbhpRH9XvjbDFXtxhb</subfield></datafield><datafield ind1=' ' ind2='7' tag='648'><subfield code='a'>1939-1945</subfield><subfield code='2'>fast</subfield></datafield><datafield ind1=' ' ind2='7' tag='655'><subfield code='a'>Biographies</subfield><subfield code='2'>fast</subfield><subfield code='0'>(OCoLC)fst01919896</subfield></datafield><datafield ind1=' ' ind2='7' tag='655'><subfield code='a'>Biografie.</subfield><subfield code='0'>(DE-588)4006804-3.</subfield><subfield code='2'>gnd</subfield></datafield><datafield ind1=' ' ind2=' ' tag='901'><subfield code='a'>76067c49-5712-423d-9758-2e0a79bcadb2</subfield><subfield code='b'>25</subfield><subfield code='c'>false</subfield></datafield><datafield ind1='0' ind2=' ' tag='852'><subfield code='c'>HD</subfield><subfield code='h'>D810.J4</subfield><subfield code='i'>E87 1992</subfield><subfield code='0'>12969464</subfield><subfield code='b'>scsbhl</subfield></datafield><datafield ind1=' ' ind2=' ' tag='876'><subfield code='0'>12969464</subfield><subfield code='a'>18767026</subfield><subfield code='h'> </subfield><subfield code='j'>Available</subfield><subfield code='k'>WID</subfield><subfield code='p'>32044122890361</subfield><subfield code='x'>Open</subfield><subfield code='z'>HW</subfield><subfield code='l'>HD</subfield></datafield></record>