
<record><leader>01003cam a2200289Ma 4500</leader><controlfield tag='001'>SCSB-5749594</controlfield><controlfield tag='003'>NNC</controlfield><controlfield tag='005'>20140729142203.0</controlfield><controlfield tag='008'>880229s1986    xxua          000 0 eng d</controlfield><controlfield tag='009'>10826414</controlfield><datafield ind1=' ' ind2=' ' tag='020'><subfield code='a'>0486250636</subfield></datafield><datafield ind1=' ' ind2=' ' tag='020'><subfield code='a'>9780486250632</subfield></datafield><datafield ind1=' ' ind2=' ' tag='035'><subfield code='a'>(OCoLC)ocn810588433</subfield></datafield><datafield ind1=' ' ind2=' ' tag='035'><subfield code='a'>(OCoLC)810588433</subfield></datafield><datafield ind1=' ' ind2=' ' tag='040'><subfield code='a'>ERD</subfield><subfield code='b'>eng</subfield><subfield code='c'>ERD</subfield><subfield code='d'>ZCU</subfield></datafield><datafield ind1=' ' ind2=' ' tag='043'><subfield code='a'>n-us-ny</subfield></datafield><datafield ind1=' ' ind2=' ' tag='049'><subfield code='a'>ZCUA</subfield></datafield><datafield ind1='1' ind2='4' tag='050'><subfield code='a'>F128.37</subfield><subfield code='b'>.L25 1986</subfield></datafield><datafield ind1='1' ind2=' ' tag='100'><subfield code='a'>Langenstein, Michael.</subfield></datafield><datafield ind1='1' ind2='0' tag='245'><subfield code='a'>Fantasy and surreal postcards :</subfield><subfield code='b'>24 ready-to-mail photocollages in full color /</subfield><subfield code='c'>Michael Langenstein.</subfield></datafield><datafield ind1=' ' ind2=' ' tag='260'><subfield code='a'>New York :</subfield><subfield code='b'>Dover Publications, Inc. ;</subfield><subfield code='a'>London :</subfield><subfield code='b'>Constable,</subfield><subfield code='c'>©1986.</subfield></datafield><datafield ind1=' ' ind2=' ' tag='300'><subfield code='a'>1 volume (unpaged) :</subfield><subfield code='b'>chiefly color ill. ;</subfield><subfield code='c'>31 cm.</subfield></datafield><datafield ind1='0' ind2=' ' tag='490'><subfield code='a'>Dover postcard and greeting card books</subfield></datafield><datafield ind1=' ' ind2='0' tag='651'><subfield code='a'>New York (N.Y.)</subfield><subfield code='v'>Pictorial works</subfield><subfield code='x'>Humor.</subfield></datafield><datafield ind1=' ' ind2='0' tag='651'><subfield code='a'>New York (N.Y.)</subfield><subfield code='x'>Buildings, structures, etc.</subfield><subfield code='v'>Pictorial works</subfield><subfield code='x'>Humor.</subfield></datafield><datafield ind1=' ' ind2='7' tag='655'><subfield code='a'>Postcards.</subfield><subfield code='2'>rbgenr</subfield></datafield><datafield ind1='0' ind2='0' tag='852'><subfield code='h'>F128.37 .L25 1986g</subfield><subfield code='0'>5739441</subfield><subfield code='b'>scsbcul</subfield></datafield><datafield ind1=' ' ind2=' ' tag='876'><subfield code='0'>5739441</subfield><subfield code='a'>8448469</subfield><subfield code='h'>In Library Use</subfield><subfield code='j'>Available</subfield><subfield code='p'>AR01742710</subfield><subfield code='t'>1</subfield><subfield code='x'>Shared</subfield><subfield code='z'>AR</subfield><subfield code='l'>RECAP</subfield></datafield></record>