
<record><leader>00000cam a2200433 i 4500</leader><controlfield tag='001'>SCSB-12506121</controlfield><controlfield tag='005'>20130521230533.0</controlfield><controlfield tag='008'>130212s2013    nyua     b    001 0 eng  </controlfield><controlfield tag='009'>990136748980203941</controlfield><datafield ind1=' ' ind2=' ' tag='010'><subfield code='a'>^^2013006024</subfield></datafield><datafield ind1=' ' ind2=' ' tag='020'><subfield code='a'>9780415537063 (hardback)</subfield></datafield><datafield ind1=' ' ind2=' ' tag='020'><subfield code='a'>0415537061 (hardback)</subfield></datafield><datafield ind1=' ' ind2=' ' tag='020'><subfield code='a'>9780415537070 (pbk.)</subfield></datafield><datafield ind1=' ' ind2=' ' tag='020'><subfield code='a'>041553707X (pbk.)</subfield></datafield><datafield ind1=' ' ind2=' ' tag='035'><subfield code='a'>(OCoLC)827724532</subfield></datafield><datafield ind1=' ' ind2=' ' tag='040'><subfield code='a'>DLC</subfield><subfield code='b'>eng</subfield><subfield code='e'>rda</subfield><subfield code='c'>DLC</subfield><subfield code='d'>YDX</subfield><subfield code='d'>OCLCO</subfield><subfield code='d'>YDXCP</subfield></datafield><datafield ind1=' ' ind2=' ' tag='042'><subfield code='a'>pcc</subfield></datafield><datafield ind1=' ' ind2=' ' tag='043'><subfield code='a'>n-us---</subfield></datafield><datafield ind1='0' ind2='0' tag='050'><subfield code='a'>PS217.C58</subfield><subfield code='b'>A43 2013</subfield></datafield><datafield ind1='0' ind2='0' tag='082'><subfield code='a'>810.9/358</subfield><subfield code='2'>23</subfield></datafield><datafield ind1='0' ind2='4' tag='245'><subfield code='a'>The American Civil War :</subfield><subfield code='b'>a literary and historical anthology /</subfield><subfield code='c'>edited by Ian Frederick Finseth.</subfield></datafield><datafield ind1=' ' ind2=' ' tag='250'><subfield code='a'>Second edition.</subfield></datafield><datafield ind1=' ' ind2='1' tag='264'><subfield code='a'>New York ;</subfield><subfield code='a'>London :</subfield><subfield code='b'>Routledge, Taylor &amp; Francis Group,</subfield><subfield code='c'>2013.</subfield></datafield><datafield ind1=' ' ind2=' ' tag='300'><subfield code='a'>xvi, 352 pages :</subfield><subfield code='b'>illustrations ;</subfield><subfield code='c'>27 cm</subfield></datafield><datafield ind1=' ' ind2=' ' tag='336'><subfield code='a'>text</subfield><subfield code='2'>rdacontent</subfield></datafield><datafield ind1=' ' ind2=' ' tag='337'><subfield code='a'>unmediated</subfield><subfield code='2'>rdamedia</subfield></datafield><datafield ind1=' ' ind2=' ' tag='338'><subfield code='a'>volume</subfield><subfield code='2'>rdacarrier</subfield></datafield><datafield ind1=' ' ind2=' ' tag='504'><subfield code='a'>Includes bibliographical references and index.</subfield></datafield><datafield ind1='0' ind2=' ' tag='505'><subfield code='a'>I.Origins -- Introduction / Herman Melville -- From Battle-Pieces and Aspects of the War (1866) -- The Portent -- Misgivings / Harriet Martineau -- &quot;Election of Abraham Lincoln&quot; (November 22, 1860) / Jefferson Davis -- Farewell Address to the U.S. Senate (January 21, 1861) / Henry Timrod -- &quot;Ethnogenesis&quot; (February 1861) / Abraham Lincoln -- Speech from the Balcony of the Bates House, Indianapolis (February 11, 1861) -- First Inaugural Address (March 4, 1861) / Mary Boykin Chesnut -- From A Diary from Dixie (1905) -- ch. 2 Montgomery, Ala., Feb. 19, 1861 -- Mar. 11, 1861 / Alexander Stephens -- From the &quot;Cornerstone&quot; Speech (March 21, 1861) / Walt Whitman -- From Specimen Days and Collect (1882) -- &quot;Origins of Attempted Secession&quot; / Ulysses S. Grant -- From Personal Memoirs of U. S. Grant (1885-1886) -- ch. 16 (on &quot;The Coming Crisis&quot;) -- The Texts -- II.Battlefields -- Introduction / Herman Melville -- From Battle-Pieces and Aspects of the War (1866) -- The March into Virginia -- A Utilitarian View of the Monitor&apos;s Fight with the Merrimac -- Shiloh / Abraham Lincoln -- Meditation on the Divine Will (September 1862) -- Reply to Eliza P. Gurney (October 26, 1862?) -- The Gettysburg Address (November 19, 1863) / Henry Wadsworth Longfellow -- &quot;The Cumberland&quot; (1862) -- &quot;Killed at the Ford&quot; (1866) / Lucy Larcom -- &quot;The Sinking of the Merrimack&quot; (1863) / Sarah Morgan Bryan Piatt -- &quot;Hearing the Battle -- July 21, 1861&quot; (1864) / Louisa May Alcott -- From Hospital Sketches (1863) -- ch. 3 A Day / Walt Whitman -- From Drum-Taps (1865) -- By the Bivouac&apos;s Fitful Flame -- The Dresser -- Vigil Strange I Kept on the Field One Night -- From Memoranda during the War (1875-1876) -- Fifty Hours Left Wounded on the Field -- The Wounded from Chancellorsville, May, &apos;63 -- A Night Battle, Over a Week Since -- A Glimpse of War&apos;s Hell-Scenes / Federico Cavada -- From Libby Life: Experiences of a Prisoner of War (1864) -- ch. 5 Various Forms of Melancholy -- ch. 8 A Sermon from a Candle / Sarah Emma Edmonds -- From Nurse and Spy in the Union Army (1865) -- ch. 9 Evacuation of Yorktown / Silas Weir Mitchell -- &quot;The Case of George Dedlow&quot; (1866) / Loreta J. Velazquez -- From The Woman in Battle (1876) -- ch. 10 First Experiences as a Spy / Samuel R. Watkins -- From Co. Aytch (1882) -- ch. 2 Shiloh / Ambrose Bierce -- From Tales of Soldiers and Civilians (1891) -- &quot;The Coup de Grace&quot; / Stephen Crane -- &quot;An Episode of War&quot; (1896) -- The Texts -- III.African American Experience -- Introduction / Abraham Lincoln -- Final Emancipation Proclamation (January 1, 1863) / Frederick Douglass -- &quot;Men of Color, to Arms!&quot; (1863) -- Frances Ellen Watkins Harper -- &quot;The Massachusetts Fifty-Fourth&quot; (1863) / Louisa M. Jacobs -- Letter to Lydia Maria Child (1864) / George Moses Horton -- From Naked Genius (1865) -- The Use of Liberty / L. S. Thompson -- From The Story of Mattie J. Jackson (1866) / Mark Twain -- &quot;A True Story, Repeated Word for Word as I Heard It&quot; (1874) / Susie King Taylor -- From Reminiscences of My Life in Camp ... (1902) -- IV -- Camp Saxton -- Proclamation and Barbecue, 1863 -- V -- Military Expeditions, and Life in Camp -- VI -- On Morris and Other Islands / James Lindsay Smith -- From Autobiography of James L. Smith (1881) -- ch. 8 After the War -- ch. 11 Recollections of the War -- ch. 12 The Exodus / Paul Laurence Dunbar -- From Lyrics of Lowly Life (1895) -- The Deserted Plantation -- From Lyrics of Love and Laughter (1903) -- When Dey Listed Colored Soldiers -- The Texts -- IV.The Home Front -- Introduction / Harriet Beecher Stowe -- &quot;The Chimney-Corner&quot; (1865) / Walt Whitman -- From Drum-Taps (1865) -- &quot;Come Up from the Fields, Father&quot; / Julia Ward Howe -- &quot;Our Orders&quot; (1865) / Sarah Morgan Bryan Piatt -- &quot;Giving Back the Flower&quot; (1867) / Lucy Larcom -- &quot;Weaving&quot; (1869) -- &quot;A Loyal Woman&apos;s No&quot; (1890) / Edward Bellamy -- &quot;An Echo of Antietam&quot; (1889) / Hamlin Garland -- From Main-Travelled Roads (1891) -- &quot;The Return of a Private&quot; / Kate Chopin -- From Bayou Folk (1894) -- &quot;A Wizard from Gettysburg&quot; (1892) / Charles Chesnutt -- From The Wife of His Youth (1899) -- &quot;Cicely&apos;s Dream&quot; -- The Texts -- V.Reconstructing -- Introduction / Abraham Lincoln -- Second Inaugural Address (March 4, 1865) / Elizabeth Keckley -- From Behind the Scenes (1868) -- ch. 10 The Second Inauguration / Walt Whitman -- From Drum-Taps (1865) -- The Veteran&apos;s Vision -- From Sequel to Drum-Taps (1865-1866) -- When Lilacs Last in the Door-Yard Bloom&apos;d -- From Specimen Days (1882) -- The Million Dead, Too, Summ&apos;d Up -- The Unknown -- The Real War Will Never Get in the Books -- Herman Melville -- From Battle-Pieces and Aspects of the War (1866) -- An Uninscribed Monument on One of the Battle-fields of the Wilderness -- A Requiem for Soldiers Lost in Ocean Transports -- On a Natural Monument in a Field in Georgia -- Frederick Douglass -- &quot;Reconstruction&quot; (1866) / Edward A. Pollard -- From The Lost Cause: A New Southern History of the War of the Confederates (1866) / Sidney Lanier -- &quot;The Dying Words of Stonewall Jackson&quot; (1865) -- Laughter in the Senate (1868) -- Resurrection (1868) / Sarah Morgan Bryan Piatt -- Army of Occupation At Arlington (1866) -- Another War (1872) -- The Grave at Frankfort (1872) -- Over in Kentucky (1872) / Frederick Douglass -- Address at the Graves of the Unknown Dead (1871) / Henry Timrod -- &quot;Ode&quot; (to the Confederate Dead) (1866) / Samuel R. Watkins -- From Co. Aytch (1882) -- ch. 1 Retrospective -- ch. 17 The Surrender / Jefferson Davis -- Speech Before Mississippi Legislature (March 10, 1884) / Timothy Thomas Fortune -- &quot;Bartow Black&quot; (1886) / Charlotte L. Forten Grimke -- &quot;The Gathering of the Grand Army&quot; (1890) / Albion Tourgee -- &quot;The South as a Field for Fiction&quot; (1888) / Oliver Wendell Holmes, Jr. -- &quot;The Soldier&apos;s Faith&quot; (May 30, 1895) / Rebecca Harding Davis -- &quot;The Mean Face of War&quot; (1899) -- The Texts -- The Writers.</subfield></datafield><datafield ind1=' ' ind2=' ' tag='520'><subfield code='a'>The American Civil War brings together a wide variety of writing from the Civil War and Reconstruction eras, including short fiction, poetry, public addresses, diary entries, and essays, accompanied by concise introductions and explanatory notes. Now in a thoroughly revised second edition, this slimmer volume has been revamped to: Emphasize a diversity of perspectives on the war, Include more women writers, Achieve greater North-South balance, Include soldiers&apos; testimony, Provide additional historical context. With selections from Louisa May Alcott, Walt Whitman, Henry Timrod, Abraham Lincoln, Harriet Martineau, and many more, Ian Finseth&apos;s careful selection of texts remains an indispensable resource for readers who seek to understand the impact of the conflict on the culture of the United States. The American Civil War reaffirms the complex role that literature, poetry, and the documentation of history played in shaping how the Civil War is remembered. To provide students with additional resources, the anthology is now accompanied by a companion website which you can find at www.routledge.com/cw/finseth. There you will discover additional primary sources, including photographs, sheet music, and literary texts. Book jacket.</subfield></datafield><datafield ind1=' ' ind2='0' tag='650'><subfield code='a'>American literature</subfield><subfield code='y'>19th century</subfield><subfield code='x'>History and criticism</subfield></datafield><datafield ind1=' ' ind2='0' tag='651'><subfield code='a'>United States</subfield><subfield code='x'>History</subfield><subfield code='y'>Civil War, 1861-1865</subfield><subfield code='x'>Literature and the war</subfield></datafield><datafield ind1=' ' ind2='0' tag='650'><subfield code='a'>War and literature</subfield><subfield code='z'>United States</subfield><subfield code='x'>History</subfield><subfield code='y'>19th century.</subfield></datafield><datafield ind1=' ' ind2='0' tag='650'><subfield code='a'>War in literature</subfield></datafield><datafield ind1=' ' ind2='7' tag='655'><subfield code='a'>Criticism, interpretation, etc.</subfield><subfield code='2'>fast</subfield></datafield><datafield ind1=' ' ind2='7' tag='655'><subfield code='a'>History</subfield><subfield code='2'>fast</subfield></datafield><datafield ind1='2' ind2='7' tag='610'><subfield code='a'>Umschulungswerkstätten für Siedler und Auswanderer</subfield><subfield code='g'>Bitterfeld</subfield><subfield code='2'>gnd</subfield></datafield><datafield ind1=' ' ind2='7' tag='647'><subfield code='a'>American Civil War</subfield><subfield code='c'>(United States :</subfield><subfield code='d'>1861-1865)</subfield><subfield code='2'>fast</subfield><subfield code='0'>(OCoLC)fst01351658</subfield></datafield><datafield ind1=' ' ind2='7' tag='648'><subfield code='a'>1800-1899</subfield><subfield code='2'>fast</subfield></datafield><datafield ind1='1' ind2=' ' tag='700'><subfield code='a'>Finseth, Ian Frederick</subfield><subfield code='e'>editor.</subfield></datafield><datafield ind1='1' ind2=' ' tag='700'><subfield code='a'>Finseth, Ian Frederick,</subfield><subfield code='e'>editor.</subfield></datafield><datafield ind1='1' ind2=' ' tag='583'><subfield code='a'>committed to retain</subfield><subfield code='c'>20181001</subfield><subfield code='d'>in perpetuity</subfield><subfield code='f'>ReCAP Shared Collection</subfield><subfield code='5'>HUL</subfield><subfield code='8'>222153443840003941</subfield></datafield><datafield ind1='0' ind2=' ' tag='852'><subfield code='c'>HD</subfield><subfield code='h'>PS217.C58</subfield><subfield code='i'>A43 2013</subfield><subfield code='0'>13345988</subfield><subfield code='b'>scsbhl</subfield></datafield><datafield ind1=' ' ind2=' ' tag='876'><subfield code='0'>13345988</subfield><subfield code='a'>19158304</subfield><subfield code='h'> </subfield><subfield code='j'>Available</subfield><subfield code='k'>WID</subfield><subfield code='p'>32044120293402</subfield><subfield code='x'>Shared</subfield><subfield code='z'>HW</subfield><subfield code='l'>HD</subfield></datafield></record>