
<record><leader>00000cam a22004334a 4500</leader><controlfield tag='001'>SCSB-12539965</controlfield><controlfield tag='005'>20081121144614.0</controlfield><controlfield tag='008'>080605s2008    nyua          001 0deng  </controlfield><controlfield tag='009'>990117213840203941</controlfield><datafield ind1=' ' ind2=' ' tag='010'><subfield code='a'>^^2008024983</subfield></datafield><datafield ind1=' ' ind2=' ' tag='020'><subfield code='a'>9781602392922 (alk. paper)</subfield></datafield><datafield ind1=' ' ind2=' ' tag='020'><subfield code='a'>1602392927 (alk. paper)</subfield></datafield><datafield ind1=' ' ind2=' ' tag='035'><subfield code='a'>(OCoLC)227016129</subfield></datafield><datafield ind1=' ' ind2=' ' tag='040'><subfield code='a'>DLC</subfield><subfield code='c'>DLC</subfield><subfield code='d'>BTCTA</subfield><subfield code='d'>BAKER</subfield><subfield code='d'>YDXCP</subfield><subfield code='d'>OCLCG</subfield><subfield code='d'>C#P</subfield><subfield code='d'>BWX</subfield><subfield code='d'>CDX</subfield></datafield><datafield ind1=' ' ind2=' ' tag='043'><subfield code='a'>n-us---</subfield></datafield><datafield ind1='0' ind2='0' tag='050'><subfield code='a'>E468.7</subfield><subfield code='b'>.S285 2008</subfield></datafield><datafield ind1='0' ind2='0' tag='082'><subfield code='a'>973.7</subfield><subfield code='2'>22</subfield></datafield><datafield ind1='1' ind2=' ' tag='100'><subfield code='a'>Savas, Theodore P.</subfield></datafield><datafield ind1='1' ind2='0' tag='245'><subfield code='a'>Brady&apos;s Civil War journal :</subfield><subfield code='b'>photographing the war 1861-65 /</subfield><subfield code='c'>Theodore P. Savas.</subfield></datafield><datafield ind1=' ' ind2=' ' tag='260'><subfield code='a'>New York :</subfield><subfield code='b'>Skyhorse Pub.,</subfield><subfield code='c'>c2008.</subfield></datafield><datafield ind1=' ' ind2=' ' tag='300'><subfield code='a'>256 p. :</subfield><subfield code='b'>ill. ;</subfield><subfield code='c'>29 cm.</subfield></datafield><datafield ind1=' ' ind2=' ' tag='500'><subfield code='a'>Includes index.</subfield></datafield><datafield ind1='0' ind2=' ' tag='505'><subfield code='a'>Personalities -- Fighting men -- Artillery -- Army life -- Support groups -- Battlefields -- Prisoners -- Hospitals -- Fortifications -- Fighting ships -- African Americans -- Wonders of engineering -- Trains &amp; transportation -- Ruins.</subfield></datafield><datafield ind1=' ' ind2=' ' tag='520'><subfield code='a'>Collects the Civil War photography of Mathew Brady and his ground-breaking team, describing the dangerous risks they assumed in their efforts to document the conflict and its aftermath, in a volume that is complemented by key historical information.</subfield></datafield><datafield ind1=' ' ind2='0' tag='651'><subfield code='a'>United States</subfield><subfield code='x'>History</subfield><subfield code='y'>Civil War, 1861-1865</subfield><subfield code='v'>Pictorial works</subfield></datafield><datafield ind1=' ' ind2='0' tag='651'><subfield code='a'>United States</subfield><subfield code='x'>History</subfield><subfield code='y'>Civil War, 1861-1865</subfield><subfield code='x'>Photography.</subfield></datafield><datafield ind1=' ' ind2='0' tag='651'><subfield code='a'>United States</subfield><subfield code='x'>History</subfield><subfield code='y'>Civil War, 1861-1865</subfield><subfield code='x'>Environmental aspects</subfield><subfield code='v'>Pictorial works.</subfield></datafield><datafield ind1=' ' ind2='0' tag='650'><subfield code='a'>Landscapes</subfield><subfield code='z'>United States</subfield><subfield code='x'>History</subfield><subfield code='y'>19th century</subfield><subfield code='v'>Pictorial works.</subfield></datafield><datafield ind1=' ' ind2='0' tag='650'><subfield code='a'>Soldiers</subfield><subfield code='z'>United States</subfield><subfield code='x'>History</subfield><subfield code='y'>19th century</subfield><subfield code='v'>Pictorial works.</subfield></datafield><datafield ind1='1' ind2='0' tag='600'><subfield code='a'>Brady, Mathew B.,</subfield><subfield code='d'>approximately 1823-1896</subfield></datafield><datafield ind1='1' ind2='0' tag='600'><subfield code='a'>Gardner, Alexander,</subfield><subfield code='d'>1821-1882</subfield></datafield><datafield ind1='1' ind2='0' tag='600'><subfield code='a'>O&apos;Sullivan, Timothy H.,</subfield><subfield code='d'>1840-1882</subfield></datafield><datafield ind1=' ' ind2='0' tag='650'><subfield code='a'>War photographers</subfield><subfield code='z'>United States</subfield><subfield code='v'>Biography</subfield></datafield><datafield ind1=' ' ind2='7' tag='647'><subfield code='a'>American Civil War</subfield><subfield code='c'>(United States :</subfield><subfield code='d'>1861-1865)</subfield><subfield code='2'>fast</subfield><subfield code='0'>(OCoLC)fst01351658</subfield></datafield><datafield ind1=' ' ind2='7' tag='648'><subfield code='a'>1800-1899</subfield><subfield code='2'>fast</subfield></datafield><datafield ind1=' ' ind2='2' tag='655'><subfield code='a'>Biography</subfield></datafield><datafield ind1=' ' ind2='7' tag='655'><subfield code='a'>illustrated books.</subfield><subfield code='2'>aat</subfield></datafield><datafield ind1=' ' ind2='7' tag='655'><subfield code='a'>Illustrated works</subfield><subfield code='2'>fast</subfield><subfield code='0'>(OCoLC)fst01423873</subfield></datafield><datafield ind1=' ' ind2='7' tag='655'><subfield code='a'>Biographies</subfield><subfield code='2'>fast</subfield><subfield code='0'>(OCoLC)fst01919896</subfield></datafield><datafield ind1=' ' ind2='7' tag='655'><subfield code='a'>History</subfield><subfield code='2'>fast</subfield><subfield code='0'>(OCoLC)fst01411628</subfield></datafield><datafield ind1=' ' ind2='7' tag='655'><subfield code='a'>Pictorial works</subfield><subfield code='2'>fast</subfield><subfield code='0'>(OCoLC)fst01423874</subfield></datafield><datafield ind1=' ' ind2='7' tag='655'><subfield code='a'>Illustrated works</subfield><subfield code='2'>lcgft</subfield></datafield><datafield ind1=' ' ind2='7' tag='655'><subfield code='a'>Biographies</subfield><subfield code='2'>lcgft</subfield></datafield><datafield ind1=' ' ind2='7' tag='655'><subfield code='a'>Ouvrages illustrés.</subfield><subfield code='2'>rvmgf</subfield></datafield><datafield ind1=' ' ind2='7' tag='655'><subfield code='a'>Biographies.</subfield><subfield code='2'>rvmgf</subfield></datafield><datafield ind1='1' ind2=' ' tag='700'><subfield code='a'>Brady, Mathew B.,</subfield><subfield code='d'>approximately 1823-1896</subfield></datafield><datafield ind1='1' ind2=' ' tag='583'><subfield code='a'>committed to retain</subfield><subfield code='c'>20181001</subfield><subfield code='d'>in perpetuity</subfield><subfield code='f'>ReCAP Shared Collection</subfield><subfield code='5'>HUL</subfield><subfield code='8'>222131055920003941</subfield></datafield><datafield ind1='0' ind2=' ' tag='852'><subfield code='c'>HD</subfield><subfield code='h'>E468.7</subfield><subfield code='i'>.S285 2008</subfield><subfield code='0'>13380829</subfield><subfield code='b'>scsbhl</subfield></datafield><datafield ind1=' ' ind2=' ' tag='876'><subfield code='0'>13380829</subfield><subfield code='a'>19194411</subfield><subfield code='h'> </subfield><subfield code='j'>Available</subfield><subfield code='k'>WID</subfield><subfield code='p'>32044108822263</subfield><subfield code='x'>Shared</subfield><subfield code='z'>HW</subfield><subfield code='l'>HD</subfield></datafield></record>