
<record><leader>00000cam a2200589Ii 4500</leader><controlfield tag='001'>SCSB-12580390</controlfield><controlfield tag='005'>20150418224534.0</controlfield><controlfield tag='008'>140904s2014    dcua     b    001 0 eng d</controlfield><controlfield tag='009'>990143454320203941</controlfield><datafield ind1=' ' ind2=' ' tag='020'><subfield code='a'>9781907804465</subfield><subfield code='q'>(paperback)</subfield></datafield><datafield ind1=' ' ind2=' ' tag='020'><subfield code='a'>1907804463</subfield><subfield code='q'>(paperback)</subfield></datafield><datafield ind1='3' ind2=' ' tag='024'><subfield code='a'>9781907804465</subfield></datafield><datafield ind1=' ' ind2=' ' tag='035'><subfield code='a'>(OCoLC)890281052</subfield><subfield code='z'>(OCoLC)875240418</subfield><subfield code='z'>(OCoLC)875252850</subfield><subfield code='z'>(OCoLC)899155817</subfield><subfield code='z'>(OCoLC)1008547712</subfield></datafield><datafield ind1=' ' ind2=' ' tag='040'><subfield code='a'>ERASA</subfield><subfield code='b'>eng</subfield><subfield code='e'>rda</subfield><subfield code='c'>ERASA</subfield><subfield code='d'>TOH</subfield><subfield code='d'>CDX</subfield><subfield code='d'>YDXCP</subfield><subfield code='d'>BTCTA</subfield><subfield code='d'>BDX</subfield><subfield code='d'>OCP</subfield><subfield code='d'>OCLCO</subfield><subfield code='d'>QBX</subfield><subfield code='d'>DEBSZ</subfield><subfield code='d'>OCLCF</subfield><subfield code='d'>NYP</subfield></datafield><datafield ind1=' ' ind2=' ' tag='043'><subfield code='a'>n-us---</subfield></datafield><datafield ind1=' ' ind2='4' tag='050'><subfield code='a'>E185</subfield><subfield code='b'>.T476 2014</subfield></datafield><datafield ind1='0' ind2='4' tag='082'><subfield code='a'>973/.0496073</subfield><subfield code='2'>23</subfield></datafield><datafield ind1='0' ind2='4' tag='082'><subfield code='a'>779/.99730496073</subfield><subfield code='2'>23</subfield></datafield><datafield ind1='0' ind2='0' tag='245'><subfield code='a'>Through the African American lens /</subfield><subfield code='c'>Smithsonian National Museum of African American History and Culture, Earl W. and Amanda Stafford Center for African American Media Arts ; foreword by Lonnie G. Bunch III ; introduction by Rhea L. Combs ; essay by Deborah Willis.</subfield></datafield><datafield ind1=' ' ind2='1' tag='264'><subfield code='a'>Washington, D.C. :</subfield><subfield code='b'>National Museum of African American History and Culture, Smithsonian Institution ;</subfield><subfield code='a'>London :</subfield><subfield code='b'>In association with D Giles Limited,</subfield><subfield code='c'>2014.</subfield></datafield><datafield ind1=' ' ind2=' ' tag='300'><subfield code='a'>80 pages :</subfield><subfield code='b'>chiefly illustrations (some color) ;</subfield><subfield code='c'>18 cm.</subfield></datafield><datafield ind1=' ' ind2=' ' tag='336'><subfield code='a'>text</subfield><subfield code='b'>txt</subfield><subfield code='2'>rdacontent</subfield></datafield><datafield ind1=' ' ind2=' ' tag='336'><subfield code='a'>still image</subfield><subfield code='b'>sti</subfield><subfield code='2'>rdacontent</subfield></datafield><datafield ind1=' ' ind2=' ' tag='337'><subfield code='a'>unmediated</subfield><subfield code='b'>n</subfield><subfield code='2'>rdamedia</subfield></datafield><datafield ind1=' ' ind2=' ' tag='338'><subfield code='a'>volume</subfield><subfield code='b'>nc</subfield><subfield code='2'>rdacarrier</subfield></datafield><datafield ind1='1' ind2=' ' tag='490'><subfield code='a'>Double exposure ;</subfield><subfield code='v'>1</subfield></datafield><datafield ind1=' ' ind2=' ' tag='504'><subfield code='a'>Includes bibliographical references and index.</subfield></datafield><datafield ind1='8' ind2=' ' tag='520'><subfield code='a'>Double exposure is a major new series based on the remarkable photography collection held by the Center for African American Media Arts at the NMAAHC. From pre-Civil War daguerreotype portraits to 21st-century digital prints, this is a striking record of the key historical events, the cultural touchstones and the private and communal moments of African American life. In addition to fifty photographs, each volume includes an introduction by a leading historian, activist, photographer or writer, and a foreword by the NMAAHC&apos;s founding director Lonnie Bunch. Photographers include Spider Martin, Gordon Parks, Ernest C. Withers, Wayne F. Miller and Henri Cartier-Bresson. There are iconic images, such as McPherson and Oliver&apos;s &apos;Gordon under medical inspection&apos; (circa 1867) and Charles Moore&apos;s photographs of the 1963 Birmingham Children&apos;s Crusade, as well as unfamiliar or recently discovered images, including Henry Clay Anderson&apos;s postwar pictures of everyday life in the segregated black community in Greenville, Mississippi. Published in association with the Smithsonian National Museum of African American History and Culture, Washington DC.</subfield></datafield><datafield ind1='0' ind2=' ' tag='505'><subfield code='a'>Self-representation and hope : the power of the picture / Rhea L. Combs -- America&apos;s lens / Deborah Willis -- Photographs.</subfield></datafield><datafield ind1=' ' ind2='0' tag='650'><subfield code='a'>African Americans</subfield><subfield code='v'>Pictorial works</subfield></datafield><datafield ind1='2' ind2='0' tag='610'><subfield code='a'>National Museum of African American History and Culture (U.S.)</subfield><subfield code='x'>Photograph collections</subfield><subfield code='v'>Exhibitions.</subfield></datafield><datafield ind1='2' ind2='7' tag='610'><subfield code='a'>National Museum of African American History and Culture (U.S.)</subfield><subfield code='2'>fast</subfield><subfield code='0'>(OCoLC)fst00786857</subfield></datafield><datafield ind1=' ' ind2='7' tag='650'><subfield code='a'>African Americans</subfield><subfield code='2'>fast</subfield><subfield code='0'>(OCoLC)fst00799558</subfield></datafield><datafield ind1=' ' ind2='7' tag='650'><subfield code='a'>Photograph collections</subfield><subfield code='2'>fast</subfield><subfield code='0'>(OCoLC)fst01061600</subfield></datafield><datafield ind1=' ' ind2='7' tag='655'><subfield code='a'>Exhibition catalogs</subfield><subfield code='2'>fast</subfield><subfield code='0'>(OCoLC)fst01424028</subfield></datafield><datafield ind1=' ' ind2='7' tag='655'><subfield code='a'>Pictorial works</subfield><subfield code='2'>fast</subfield><subfield code='0'>(OCoLC)fst01423874</subfield></datafield><datafield ind1='1' ind2=' ' tag='700'><subfield code='a'>Combs, Rhea L.</subfield><subfield code='e'>writer of introduction.</subfield></datafield><datafield ind1='1' ind2=' ' tag='700'><subfield code='a'>Willis, Deborah,</subfield><subfield code='d'>1948-</subfield><subfield code='e'>writer of added commentary.</subfield></datafield><datafield ind1='1' ind2=' ' tag='700'><subfield code='a'>Bunch, Lonnie G.,</subfield><subfield code='c'>III</subfield><subfield code='e'>writer of foreword.</subfield></datafield><datafield ind1='2' ind2=' ' tag='710'><subfield code='a'>National Museum of African American History and Culture (U.S.)</subfield><subfield code='e'>issuing body.</subfield></datafield><datafield ind1=' ' ind2='0' tag='830'><subfield code='a'>Double exposure (Series) (National Museum of African American History and Culture (U.S.))</subfield></datafield><datafield ind1='1' ind2=' ' tag='583'><subfield code='a'>committed to retain</subfield><subfield code='c'>20181001</subfield><subfield code='d'>in perpetuity</subfield><subfield code='f'>ReCAP Shared Collection</subfield><subfield code='5'>HUL</subfield><subfield code='8'>222167736300003941</subfield></datafield><datafield ind1='0' ind2=' ' tag='852'><subfield code='c'>HD</subfield><subfield code='h'>E185</subfield><subfield code='i'>.T476 2014</subfield><subfield code='0'>13422418</subfield><subfield code='b'>scsbhl</subfield></datafield><datafield ind1=' ' ind2=' ' tag='876'><subfield code='0'>13422418</subfield><subfield code='a'>19237700</subfield><subfield code='h'> </subfield><subfield code='j'>Available</subfield><subfield code='k'>WID</subfield><subfield code='p'>32044134130939</subfield><subfield code='x'>Shared</subfield><subfield code='z'>HW</subfield><subfield code='l'>HD</subfield></datafield></record>