
<record><leader>00000cam a22003014a 4500</leader><controlfield tag='001'>SCSB-10632711</controlfield><controlfield tag='008'>040809s2005    mduabf   b    001 0 eng  </controlfield><controlfield tag='009'>990095767850203941</controlfield><datafield ind1=' ' ind2=' ' tag='010'><subfield code='a'>^^2004018834</subfield></datafield><datafield ind1=' ' ind2=' ' tag='020'><subfield code='a'>0810850303 (pbk. : alk. paper)</subfield></datafield><datafield ind1=' ' ind2=' ' tag='035'><subfield code='a'>(OCoLC)56214106</subfield></datafield><datafield ind1=' ' ind2=' ' tag='040'><subfield code='a'>DLC</subfield><subfield code='c'>DLC</subfield><subfield code='d'>C#P</subfield></datafield><datafield ind1=' ' ind2=' ' tag='042'><subfield code='a'>pcc</subfield></datafield><datafield ind1=' ' ind2=' ' tag='043'><subfield code='a'>n-us---</subfield><subfield code='a'>n-usu--</subfield><subfield code='a'>n-us-pa</subfield></datafield><datafield ind1='0' ind2='0' tag='050'><subfield code='a'>E475.51</subfield><subfield code='b'>.P18 2005</subfield></datafield><datafield ind1='0' ind2='0' tag='082'><subfield code='a'>973.7/349</subfield><subfield code='2'>22</subfield></datafield><datafield ind1='1' ind2=' ' tag='100'><subfield code='a'>Paradis, James M.,</subfield><subfield code='d'>1949-</subfield></datafield><datafield ind1='1' ind2='0' tag='245'><subfield code='a'>African Americans and the Gettysburg campaign /</subfield><subfield code='c'>James M. Paradis.</subfield></datafield><datafield ind1=' ' ind2=' ' tag='260'><subfield code='a'>Lanham, Md. :</subfield><subfield code='b'>Scarecrow Press,</subfield><subfield code='c'>2005.</subfield></datafield><datafield ind1=' ' ind2=' ' tag='300'><subfield code='a'>xiv, 110 p., [16] p. of plates :</subfield><subfield code='b'>ill., maps ;</subfield><subfield code='c'>23 cm.</subfield></datafield><datafield ind1=' ' ind2=' ' tag='504'><subfield code='a'>Includes bibliographical references (p. 93-101) and index.</subfield></datafield><datafield ind1='0' ind2=' ' tag='505'><subfield code='a'>African Americans at Gettysburg before the war -- African Americans and the Civil War -- The great rebel invasion -- In the wake of the storm -- Carrying the struggle on to victory -- Little note nor long remember.</subfield></datafield><datafield ind1='1' ind2=' ' tag='520'><subfield code='a'>&quot;In the years following the great battle at Gettysburg, African Americans visited this national landmark by the thousands. However, the role of African Americans in the Gettysburg campaign has been largely forgotten. African Americans and the Gettysburg Campaign rectifies this oversight by bringing to light the many ways that black Americans participated in the crucial battle, their influence on the military outcome, and the impact of the Civil War on their lives.&quot; &quot;This book will appeal to scholars and laymen alike. Civil War buffs and potential Gettysburg visitors will find the tour for today and points of interest sections valuable for enhancing their experience at this sacred ground. Maps, photographs, and illustrations appear throughout.&quot;--Jacket.</subfield></datafield><datafield ind1=' ' ind2='0' tag='650'><subfield code='a'>Gettysburg Campaign, 1863</subfield><subfield code='x'>Participation, African American.</subfield></datafield><datafield ind1=' ' ind2='0' tag='651'><subfield code='a'>United States</subfield><subfield code='x'>History</subfield><subfield code='y'>Civil War, 1861-1865</subfield><subfield code='x'>Participation, African American</subfield></datafield><datafield ind1=' ' ind2='0' tag='650'><subfield code='a'>African American soldiers</subfield><subfield code='x'>History</subfield><subfield code='y'>19th century</subfield></datafield><datafield ind1=' ' ind2='7' tag='655'><subfield code='a'>History</subfield><subfield code='2'>fast</subfield></datafield><datafield ind1='1' ind2=' ' tag='583'><subfield code='a'>committed to retain</subfield><subfield code='c'>20181001</subfield><subfield code='d'>in perpetuity</subfield><subfield code='f'>ReCAP Shared Collection</subfield><subfield code='5'>HUL</subfield><subfield code='8'>222083656090003941</subfield></datafield><datafield ind1='0' ind2=' ' tag='852'><subfield code='c'>HD</subfield><subfield code='h'>E475.51</subfield><subfield code='i'>.P18 2005</subfield><subfield code='0'>11417927</subfield><subfield code='b'>scsbhl</subfield></datafield><datafield ind1=' ' ind2=' ' tag='876'><subfield code='0'>11417927</subfield><subfield code='a'>17155211</subfield><subfield code='h'> </subfield><subfield code='j'>Available</subfield><subfield code='k'>WID</subfield><subfield code='p'>HXSQT2</subfield><subfield code='x'>Shared</subfield><subfield code='z'>HW</subfield><subfield code='l'>HD</subfield></datafield></record>