
<record><leader>00000cam a2200373Ma 4500</leader><controlfield tag='001'>SCSB-11677379</controlfield><controlfield tag='005'>20170508110622.0</controlfield><controlfield tag='008'>161005s2017    njuo          000 0 eng d</controlfield><controlfield tag='009'>990149311510203941</controlfield><datafield ind1=' ' ind2=' ' tag='020'><subfield code='a'>9780691173276</subfield></datafield><datafield ind1=' ' ind2=' ' tag='020'><subfield code='a'>0691173273</subfield></datafield><datafield ind1=' ' ind2=' ' tag='035'><subfield code='a'>(OCoLC)1035354787</subfield></datafield><datafield ind1=' ' ind2=' ' tag='040'><subfield code='a'>TOH</subfield><subfield code='b'>eng</subfield><subfield code='c'>TOH</subfield><subfield code='d'>OCLCQ</subfield><subfield code='d'>YDXCP</subfield><subfield code='d'>FSS</subfield><subfield code='d'>OCLCO</subfield></datafield><datafield ind1=' ' ind2=' ' tag='043'><subfield code='a'>n-us---</subfield></datafield><datafield ind1=' ' ind2='4' tag='050'><subfield code='a'>E741</subfield><subfield code='b'>.G46 2017</subfield></datafield><datafield ind1='1' ind2=' ' tag='100'><subfield code='a'>Gerstle, Gary.</subfield></datafield><datafield ind1='1' ind2='0' tag='245'><subfield code='a'>American Crucible :</subfield><subfield code='b'>Race and Nation in the Twentieth Century.</subfield></datafield><datafield ind1=' ' ind2='1' tag='264'><subfield code='a'>Princeton, New Jersey :</subfield><subfield code='b'>Princeton University Press,</subfield><subfield code='c'>2017.</subfield></datafield><datafield ind1=' ' ind2='4' tag='264'><subfield code='c'>©2001.</subfield></datafield><datafield ind1=' ' ind2=' ' tag='300'><subfield code='a'>522 pages :</subfield><subfield code='b'>black and white photographs ;</subfield><subfield code='c'>24 cm</subfield></datafield><datafield ind1=' ' ind2=' ' tag='336'><subfield code='a'>text</subfield><subfield code='b'>txt</subfield><subfield code='2'>rdacontent</subfield></datafield><datafield ind1=' ' ind2=' ' tag='337'><subfield code='a'>unmediated</subfield><subfield code='b'>n</subfield><subfield code='2'>rdamedia</subfield></datafield><datafield ind1=' ' ind2=' ' tag='338'><subfield code='a'>volume</subfield><subfield code='b'>nc</subfield><subfield code='2'>rdacarrier</subfield></datafield><datafield ind1=' ' ind2=' ' tag='500'><subfield code='a'>Originally published in 2001. Updated in 2017.</subfield></datafield><datafield ind1=' ' ind2=' ' tag='504'><subfield code='a'>Includes bibliographic references and index.</subfield></datafield><datafield ind1='0' ind2=' ' tag='505'><subfield code='a'>Theodore Roosevelt&apos;s racialized nation, 1890-1900 -- Civic nationalism and its contradictions, 1890-1917 -- Hardening the boundaries of the nation, 1917-1929 -- The Rooseveltian nation ascendant, 1930-1940 -- Good war, race war, 1941-1945 -- The Cold War, anticommunism, and a nation in flux, 1946-1960 -- Civil rights, white resistance, and black nationalism, 1960-1968 -- Vietnam, cultural revolt, and the collapse of the Rooseveltian nation, 1968-1975 -- Beyond the Rooseveltian nation, 1975-2000 -- The age of Obama, 2000-2016</subfield></datafield><datafield ind1=' ' ind2=' ' tag='520'><subfield code='a'>This sweeping history of twentieth-century America follows the changing and often conflicting ideas about the fundamental nature of American society: Is the United States a social melting pot, as our civic creed warrants, or is full citizenship somehow reserved for those who are white and of the &quot;right&quot; ancestry? Gary Gerstle traces the forces of civic and racial nationalism, arguing that both profoundly shaped our society. After Theodore Roosevelt led his Rough Riders to victory during the Spanish American War, he boasted of the diversity of his men&apos;s origins- from the Kentucky backwoods to the Irish, Italian, and Jewish neighborhoods of northeastern cities. Roosevelt&apos;s vision of a hybrid and superior &quot;American race,&quot; strengthened by war, would inspire the social, diplomatic, and economic policies of American liberals for decades.^</subfield></datafield><datafield ind1=' ' ind2=' ' tag='520'><subfield code='a'>And yet, for all of its appeal to the civic principles of inclusion, this liberal legacy was grounded in &quot;Anglo-Saxon&quot; culture, making it difficult in particular for Jews and Italians and especially for Asians and African Americans to gain acceptance. Gerstle weaves a compelling story of events, institutions, and ideas that played on perceptions of ethnic/racial difference, from the world wars and the labor movement to the New Deal and Hollywood to the Cold War and the civil rights movement. We witness the remnants of racial thinking among such liberals as FDR and LBJ; we see how Italians and Jews from Frank Capra to the creators of Superman perpetuated the New Deal philosophy while suppressing their own ethnicity; we feel the frustrations of African-American servicemen denied the opportunity to fight for their country and the moral outrage of more recent black activists, including Martin Luther King, Jr., Fannie Lou Hamer, and Malcolm X.^</subfield></datafield><datafield ind1=' ' ind2=' ' tag='520'><subfield code='a'>Gerstle argues that the civil rights movement and Vietnam broke the liberal nation apart, and his analysis of this upheaval leads him to assess Reagan&apos;s and Clinton&apos;s attempts to resurrect nationalism. Can the United States ever live up to its civic creed? For anyone who views racism as an aberration from the liberal premises of the republic, this book is must reading. Containing a new chapter that reconstructs and dissects the major struggles over race and nation in an era defined by the War on Terror and by the presidency of Barack Obama, American Crucible is a must-read for anyone who views racism as an aberration from the liberal premises of the republic. -- Provided by publisher.</subfield></datafield><datafield ind1=' ' ind2='0' tag='650'><subfield code='a'>History</subfield></datafield><datafield ind1=' ' ind2='0' tag='650'><subfield code='a'>History</subfield><subfield code='y'>20th century.</subfield></datafield><datafield ind1=' ' ind2='0' tag='650'><subfield code='a'>History</subfield><subfield code='y'>21st century.</subfield></datafield><datafield ind1=' ' ind2='0' tag='651'><subfield code='a'>United States</subfield><subfield code='x'>History</subfield><subfield code='y'>20th century</subfield></datafield><datafield ind1=' ' ind2='0' tag='651'><subfield code='a'>United States</subfield><subfield code='x'>History</subfield><subfield code='y'>21st century.</subfield></datafield><datafield ind1=' ' ind2='0' tag='651'><subfield code='a'>United States</subfield><subfield code='x'>Foreign relations</subfield><subfield code='y'>20th century</subfield></datafield><datafield ind1=' ' ind2='0' tag='651'><subfield code='a'>United States</subfield><subfield code='x'>Foreign relations</subfield><subfield code='y'>21st century</subfield></datafield><datafield ind1=' ' ind2='0' tag='651'><subfield code='a'>United States</subfield><subfield code='x'>Politics and government</subfield><subfield code='y'>20th century</subfield></datafield><datafield ind1=' ' ind2='0' tag='651'><subfield code='a'>United States</subfield><subfield code='x'>Politics and government</subfield><subfield code='y'>21st century.</subfield></datafield><datafield ind1=' ' ind2='7' tag='655'><subfield code='a'>History</subfield><subfield code='2'>fast</subfield></datafield><datafield ind1=' ' ind2='7' tag='655'><subfield code='a'>History.</subfield><subfield code='2'>fast</subfield><subfield code='0'>(OCoLC)fst01411628</subfield></datafield><datafield ind1=' ' ind2='7' tag='648'><subfield code='a'>1900-2099</subfield><subfield code='2'>fast</subfield></datafield><datafield ind1='1' ind2=' ' tag='583'><subfield code='a'>committed to retain</subfield><subfield code='c'>20181001</subfield><subfield code='d'>in perpetuity</subfield><subfield code='f'>ReCAP Shared Collection</subfield><subfield code='5'>HUL</subfield><subfield code='8'>222182146610003941</subfield></datafield><datafield ind1='0' ind2=' ' tag='852'><subfield code='c'>HD</subfield><subfield code='h'>E741</subfield><subfield code='i'>.G46 2017</subfield><subfield code='0'>12493230</subfield><subfield code='b'>scsbhl</subfield></datafield><datafield ind1=' ' ind2=' ' tag='876'><subfield code='0'>12493230</subfield><subfield code='a'>18272067</subfield><subfield code='h'> </subfield><subfield code='j'>Not Available</subfield><subfield code='k'>WID</subfield><subfield code='p'>32044140700469</subfield><subfield code='x'>Shared</subfield><subfield code='z'>HW</subfield><subfield code='l'>HD</subfield></datafield></record>