
<record><leader>01064cam a2200313   4500</leader><controlfield tag='001'>SCSB-3006725</controlfield><controlfield tag='003'>NNC</controlfield><controlfield tag='005'>20220601230321.0</controlfield><controlfield tag='008'>791126m19111912okuc          000 0 eng  </controlfield><controlfield tag='009'>1192593</controlfield><datafield ind1=' ' ind2=' ' tag='010'><subfield code='a'>   12024706 </subfield></datafield><datafield ind1=' ' ind2=' ' tag='035'><subfield code='a'>(OCoLC)ocm05728370</subfield></datafield><datafield ind1=' ' ind2=' ' tag='035'><subfield code='9'>AGR5431CU</subfield></datafield><datafield ind1=' ' ind2=' ' tag='035'><subfield code='a'>(NNC)1192593</subfield></datafield><datafield ind1=' ' ind2=' ' tag='035'><subfield code='a'>1192593</subfield></datafield><datafield ind1=' ' ind2=' ' tag='040'><subfield code='a'>DLC</subfield><subfield code='c'>MHR</subfield><subfield code='d'>ZCU</subfield></datafield><datafield ind1=' ' ind2=' ' tag='043'><subfield code='a'>n-us---</subfield></datafield><datafield ind1='0' ind2='0' tag='050'><subfield code='a'>E507.8 1st</subfield></datafield><datafield ind1='1' ind2=' ' tag='100'><subfield code='a'>Black, Samuel,</subfield><subfield code='d'>1840?-</subfield></datafield><datafield ind1='1' ind2='2' tag='245'><subfield code='a'>A soldier&apos;s recollections of the Civil War /</subfield><subfield code='c'>by S. Black, member of the First Iowa Battery, with supplemental chapters by comrades.</subfield></datafield><datafield ind1=' ' ind2=' ' tag='260'><subfield code='a'>Minco, Okla. :</subfield><subfield code='b'>Printed by the Minco Minstrel,</subfield><subfield code='c'>1911-12.</subfield></datafield><datafield ind1=' ' ind2=' ' tag='300'><subfield code='a'>117 pages :</subfield><subfield code='b'>portraits ;</subfield><subfield code='c'>22 cm</subfield></datafield><datafield ind1=' ' ind2=' ' tag='336'><subfield code='a'>text</subfield><subfield code='2'>rdacontent</subfield></datafield><datafield ind1=' ' ind2=' ' tag='337'><subfield code='a'>unmediated</subfield><subfield code='2'>rdamedia</subfield></datafield><datafield ind1=' ' ind2=' ' tag='338'><subfield code='a'>volume</subfield><subfield code='2'>rdacarrier</subfield></datafield><datafield ind1='2' ind2='0' tag='610'><subfield code='a'>Iowa Artillery.</subfield><subfield code='b'>1st Battery, 1861-1865.</subfield></datafield><datafield ind1=' ' ind2='0' tag='651'><subfield code='a'>United States</subfield><subfield code='x'>History</subfield><subfield code='y'>Civil War, 1861-1865</subfield><subfield code='v'>Personal narratives.</subfield><subfield code='0'>http://id.loc.gov/authorities/subjects/sh85140261</subfield></datafield><datafield ind1='8' ind2='0' tag='852'><subfield code='h'>973.744 Io9 Arl</subfield><subfield code='0'>2986465</subfield><subfield code='b'>scsbcul</subfield></datafield><datafield ind1=' ' ind2=' ' tag='876'><subfield code='0'>2986465</subfield><subfield code='a'>4639803</subfield><subfield code='h'> </subfield><subfield code='j'>Available</subfield><subfield code='p'>CU54246890</subfield><subfield code='t'>1</subfield><subfield code='x'>Shared</subfield><subfield code='z'>CU</subfield><subfield code='l'>RECAP</subfield></datafield></record>