
<record><leader>00934cam a2200253Ia 4500</leader><controlfield tag='001'>SCSB-8267868</controlfield><controlfield tag='003'>OCoLC</controlfield><controlfield tag='005'>20050823063416.3</controlfield><controlfield tag='008'>050120s2004    mdu      b    000 0 eng d</controlfield><controlfield tag='009'>.b160948903</controlfield><datafield ind1=' ' ind2=' ' tag='020'><subfield code='a'>0788433318</subfield></datafield><datafield ind1=' ' ind2=' ' tag='040'><subfield code='a'>ZS3</subfield><subfield code='c'>ZS3</subfield><subfield code='d'>OCLCQ</subfield><subfield code='d'>NYP</subfield><subfield code='d'>UtOrBLW</subfield></datafield><datafield ind1=' ' ind2=' ' tag='049'><subfield code='a'>NYPP</subfield></datafield><datafield ind1='1' ind2=' ' tag='100'><subfield code='a'>Moss, Juanita Patience.</subfield></datafield><datafield ind1='1' ind2='4' tag='245'><subfield code='a'>The forgotten black soldiers in white regiments during the Civil War /</subfield><subfield code='c'>by Juanite Patience Moss.</subfield></datafield><datafield ind1=' ' ind2=' ' tag='260'><subfield code='a'>Westminster, MD. :</subfield><subfield code='b'>Heritage Books, Inc.,</subfield><subfield code='c'>2004.</subfield></datafield><datafield ind1=' ' ind2=' ' tag='300'><subfield code='a'>ix, 46 p. ;</subfield><subfield code='c'>22 cm.</subfield></datafield><datafield ind1=' ' ind2=' ' tag='504'><subfield code='a'>Includes end notes and bibliography.</subfield></datafield><datafield ind1=' ' ind2='0' tag='651'><subfield code='a'>United States</subfield><subfield code='x'>History</subfield><subfield code='y'>Civil War, 1861-1865</subfield><subfield code='x'>African Americans.</subfield></datafield><datafield ind1=' ' ind2='0' tag='650'><subfield code='a'>African American soldiers</subfield><subfield code='x'>History</subfield><subfield code='y'>19th century.</subfield></datafield><datafield ind1=' ' ind2=' ' tag='907'><subfield code='a'>.b160948903</subfield><subfield code='c'>m</subfield><subfield code='d'>a</subfield><subfield code='e'>-</subfield><subfield code='f'>eng</subfield><subfield code='g'>mdu</subfield><subfield code='h'>4</subfield><subfield code='i'>1</subfield></datafield><datafield ind1=' ' ind2=' ' tag='035'><subfield code='a'>(OCoLC)57456264</subfield></datafield><datafield ind1='8' ind2=' ' tag='852'><subfield code='h'>JAX G-1680</subfield><subfield code='0'>8421747</subfield><subfield code='b'>scsbnypl</subfield></datafield><datafield ind1=' ' ind2=' ' tag='876'><subfield code='0'>8421747</subfield><subfield code='a'>13789962</subfield><subfield code='h'>In Library Use</subfield><subfield code='j'>Available</subfield><subfield code='p'>33433068593544</subfield><subfield code='t'>1</subfield><subfield code='x'>Shared</subfield><subfield code='z'>NA</subfield><subfield code='l'>RECAP</subfield></datafield></record>