
<record><leader>01361cam a2200361 a 4500</leader><controlfield tag='001'>SCSB-14073973</controlfield><controlfield tag='003'>NNC</controlfield><controlfield tag='005'>20220601195146.0</controlfield><controlfield tag='008'>910722s1991    dcua     c   f000 0 eng d</controlfield><controlfield tag='009'>1033376</controlfield><datafield ind1=' ' ind2=' ' tag='035'><subfield code='a'>(OCoLC)ocm24115259</subfield></datafield><datafield ind1=' ' ind2=' ' tag='035'><subfield code='a'>(CStRLIN)NYCG91-B83432</subfield></datafield><datafield ind1=' ' ind2=' ' tag='035'><subfield code='9'>AFS3555CU</subfield></datafield><datafield ind1=' ' ind2=' ' tag='035'><subfield code='a'>1033376</subfield></datafield><datafield ind1=' ' ind2=' ' tag='040'><subfield code='a'>SMI</subfield><subfield code='c'>SMI</subfield><subfield code='d'>PIT</subfield></datafield><datafield ind1=' ' ind2=' ' tag='043'><subfield code='a'>n-us---</subfield></datafield><datafield ind1=' ' ind2=' ' tag='090'><subfield code='a'>N7593.3</subfield><subfield code='b'>.G75 1991</subfield></datafield><datafield ind1=' ' ind2=' ' tag='090'><subfield code='f'>h</subfield></datafield><datafield ind1='0' ind2='0' tag='245'><subfield code='a'>Group portrait :</subfield><subfield code='b'>the first American avant-garde.</subfield></datafield><datafield ind1=' ' ind2=' ' tag='260'><subfield code='a'>[Washington, D.C.] :</subfield><subfield code='b'>[National Portrait Gallery, Smithsonian Institution],</subfield><subfield code='c'>[1991]</subfield></datafield><datafield ind1=' ' ind2=' ' tag='300'><subfield code='a'>8 unnumbered pages :</subfield><subfield code='b'>illustrations ;</subfield><subfield code='c'>28 cm</subfield></datafield><datafield ind1=' ' ind2=' ' tag='336'><subfield code='a'>text</subfield><subfield code='2'>rdacontent</subfield></datafield><datafield ind1=' ' ind2=' ' tag='337'><subfield code='a'>unmediated</subfield><subfield code='2'>rdamedia</subfield></datafield><datafield ind1=' ' ind2=' ' tag='338'><subfield code='a'>volume</subfield><subfield code='2'>rdacarrier</subfield></datafield><datafield ind1=' ' ind2=' ' tag='500'><subfield code='a'>Cover title.</subfield></datafield><datafield ind1=' ' ind2=' ' tag='500'><subfield code='a'>Exhibition catalog.</subfield></datafield><datafield ind1=' ' ind2=' ' tag='500'><subfield code='a'>Essay by Steven Watson.</subfield></datafield><datafield ind1=' ' ind2='0' tag='650'><subfield code='a'>Portraits, American</subfield><subfield code='v'>Exhibitions.</subfield><subfield code='0'>http://id.loc.gov/authorities/subjects/sh2008109873</subfield></datafield><datafield ind1=' ' ind2='0' tag='650'><subfield code='a'>Avant-garde (Aesthetics)</subfield><subfield code='z'>United States</subfield><subfield code='x'>History</subfield><subfield code='y'>20th century</subfield><subfield code='v'>Exhibitions.</subfield></datafield><datafield ind1=' ' ind2='0' tag='650'><subfield code='a'>Art, American</subfield><subfield code='y'>20th century</subfield><subfield code='v'>Exhibitions.</subfield><subfield code='0'>http://id.loc.gov/authorities/subjects/sh2007101376</subfield></datafield><datafield ind1='1' ind2=' ' tag='700'><subfield code='a'>Watson, Steven.</subfield><subfield code='0'>http://id.loc.gov/authorities/names/n90688166</subfield></datafield><datafield ind1='2' ind2=' ' tag='710'><subfield code='a'>National Portrait Gallery (Smithsonian Institution)</subfield><subfield code='0'>http://id.loc.gov/authorities/names/n79054427</subfield></datafield><datafield ind1='8' ind2='0' tag='852'><subfield code='h'>N7620 G91</subfield><subfield code='0'>15013596</subfield><subfield code='b'>scsbcul</subfield></datafield><datafield ind1=' ' ind2=' ' tag='876'><subfield code='0'>15013596</subfield><subfield code='a'>21482954</subfield><subfield code='h'>In Library Use</subfield><subfield code='j'>Available</subfield><subfield code='p'>AR75067927</subfield><subfield code='t'>1</subfield><subfield code='x'>Shared</subfield><subfield code='z'>AR</subfield><subfield code='l'>RECAP</subfield></datafield></record>