
<record><leader>01403cam a2200313Ia 4500</leader><controlfield tag='001'>SCSB-5467434</controlfield><controlfield tag='003'>NNC</controlfield><controlfield tag='005'>20221205205343.0</controlfield><controlfield tag='008'>090221s2009    pau           000 p eng d</controlfield><controlfield tag='009'>7156143</controlfield><datafield ind1=' ' ind2=' ' tag='020'><subfield code='a'>9780887484988</subfield></datafield><datafield ind1=' ' ind2=' ' tag='020'><subfield code='a'>0887484980</subfield></datafield><datafield ind1=' ' ind2=' ' tag='024'><subfield code='a'>40016540999</subfield></datafield><datafield ind1=' ' ind2=' ' tag='035'><subfield code='a'>(OCoLC)ocn310400789</subfield></datafield><datafield ind1=' ' ind2=' ' tag='035'><subfield code='a'>(NNC)7156143</subfield></datafield><datafield ind1=' ' ind2=' ' tag='035'><subfield code='a'>(OCoLC)310400789</subfield></datafield><datafield ind1=' ' ind2=' ' tag='035'><subfield code='a'>7156143</subfield></datafield><datafield ind1=' ' ind2=' ' tag='040'><subfield code='a'>BTCTA</subfield><subfield code='c'>BTCTA</subfield><subfield code='d'>YDXCP</subfield><subfield code='d'>PAU</subfield><subfield code='d'>IAY</subfield><subfield code='d'>OCLCQ</subfield><subfield code='d'>VVC</subfield></datafield><datafield ind1=' ' ind2='4' tag='050'><subfield code='a'>PS3569.C514</subfield><subfield code='b'>G76 2009</subfield></datafield><datafield ind1='1' ind2=' ' tag='100'><subfield code='a'>Schloss, David,</subfield><subfield code='d'>1944-</subfield><subfield code='0'>http://id.loc.gov/authorities/names/nr91021608</subfield></datafield><datafield ind1='1' ind2='0' tag='245'><subfield code='a'>Group portrait from hell /</subfield><subfield code='c'>David Schloss.</subfield></datafield><datafield ind1=' ' ind2=' ' tag='260'><subfield code='a'>Pittsburgh :</subfield><subfield code='b'>Carnegie Mellon University Press,</subfield><subfield code='c'>2009.</subfield></datafield><datafield ind1=' ' ind2=' ' tag='300'><subfield code='a'>95 pages ;</subfield><subfield code='c'>22 cm</subfield></datafield><datafield ind1=' ' ind2=' ' tag='336'><subfield code='a'>text</subfield><subfield code='b'>txt</subfield><subfield code='2'>rdacontent</subfield></datafield><datafield ind1=' ' ind2=' ' tag='337'><subfield code='a'>unmediated</subfield><subfield code='b'>n</subfield><subfield code='2'>rdamedia</subfield></datafield><datafield ind1=' ' ind2=' ' tag='500'><subfield code='a'>Poetry.</subfield></datafield><datafield ind1=' ' ind2=' ' tag='520'><subfield code='a'>Describes a world of human suffering--from the mythological Fall, through ancient cultural and individual histories up to the present--hrough failures of love to overcome our conflicts and mortalities. These conditions are alleviated by interludes of philosophical speculation, humor, and moments of mutual recognition and communion. But, overall, these carefully honed and often formal poems describe a tragic human condition rather than a &quot;divine comedy&quot; as our common fate.</subfield></datafield><datafield ind1='0' ind2='0' tag='852'><subfield code='h'>PS3569.C514 G76 2009</subfield><subfield code='0'>5459925</subfield><subfield code='b'>scsbcul</subfield></datafield><datafield ind1=' ' ind2=' ' tag='876'><subfield code='0'>5459925</subfield><subfield code='a'>8105114</subfield><subfield code='h'> </subfield><subfield code='j'>Available</subfield><subfield code='p'>CU15893499</subfield><subfield code='t'>1</subfield><subfield code='x'>Shared</subfield><subfield code='z'>CU</subfield><subfield code='l'>RECAP</subfield></datafield></record>