
<record><leader>00000cam a22004458a 4500</leader><controlfield tag='001'>SCSB-11844180</controlfield><controlfield tag='005'>20110627114048.0</controlfield><controlfield tag='008'>110107r20111973nyu           000 1 eng  </controlfield><controlfield tag='009'>990127972030203941</controlfield><datafield ind1=' ' ind2=' ' tag='010'><subfield code='a'>^^2011000599</subfield></datafield><datafield ind1=' ' ind2=' ' tag='020'><subfield code='a'>9781935554332</subfield></datafield><datafield ind1=' ' ind2=' ' tag='020'><subfield code='a'>1935554336</subfield></datafield><datafield ind1=' ' ind2=' ' tag='035'><subfield code='a'>(OCoLC)648922455</subfield></datafield><datafield ind1=' ' ind2=' ' tag='040'><subfield code='a'>DLC</subfield><subfield code='c'>DLC</subfield><subfield code='d'>BTCTA</subfield><subfield code='d'>YDXCP</subfield><subfield code='d'>VP@</subfield><subfield code='d'>ORX</subfield></datafield><datafield ind1='1' ind2=' ' tag='041'><subfield code='a'>eng</subfield><subfield code='h'>ger</subfield></datafield><datafield ind1=' ' ind2=' ' tag='042'><subfield code='a'>pcc</subfield></datafield><datafield ind1=' ' ind2=' ' tag='043'><subfield code='a'>e-gx---</subfield></datafield><datafield ind1='0' ind2='0' tag='050'><subfield code='a'>PT2603.O394</subfield><subfield code='b'>G713 2011</subfield></datafield><datafield ind1='0' ind2='0' tag='082'><subfield code='a'>833/.914</subfield><subfield code='2'>22</subfield></datafield><datafield ind1='1' ind2=' ' tag='100'><subfield code='a'>Böll, Heinrich,</subfield><subfield code='d'>1917-1985</subfield></datafield><datafield ind1='1' ind2='0' tag='240'><subfield code='a'>Gruppenbild mit Dame.</subfield><subfield code='l'>English</subfield></datafield><datafield ind1='1' ind2='0' tag='245'><subfield code='a'>Group portrait with lady /</subfield><subfield code='c'>Heinrich Boll ; translated by Leila Vennewitz.</subfield></datafield><datafield ind1=' ' ind2=' ' tag='260'><subfield code='a'>Brooklyn, N.Y. :</subfield><subfield code='b'>Melville House,</subfield><subfield code='c'>2011.</subfield></datafield><datafield ind1=' ' ind2=' ' tag='300'><subfield code='a'>452 p. ;</subfield><subfield code='c'>21 cm.</subfield></datafield><datafield ind1=' ' ind2=' ' tag='500'><subfield code='a'>Previously published: New York : McGraw-Hill, 1973. With new afterword by William T. Vollmann.</subfield></datafield><datafield ind1=' ' ind2=' ' tag='520'><subfield code='a'>The narrator looks at the life of a struggling war widow named Leni Pfeiffer, exploring her effort to prevent the demolition of her Cologne apartment building and her role in a countercultural group rebelling against Germany&apos;s past under the Nazis and future under capitalism.</subfield></datafield><datafield ind1=' ' ind2='0' tag='651'><subfield code='a'>Germany</subfield><subfield code='x'>Social conditions</subfield><subfield code='y'>1933-1945</subfield><subfield code='v'>Fiction.</subfield></datafield><datafield ind1=' ' ind2='0' tag='650'><subfield code='a'>World War, 1939-1945</subfield><subfield code='z'>Germany</subfield><subfield code='v'>Fiction</subfield></datafield><datafield ind1=' ' ind2='0' tag='651'><subfield code='a'>Germany</subfield><subfield code='x'>Social conditions</subfield><subfield code='y'>20th century</subfield><subfield code='v'>Fiction.</subfield></datafield><datafield ind1=' ' ind2='0' tag='651'><subfield code='a'>Germany</subfield><subfield code='x'>Social life and customs</subfield><subfield code='y'>20th century</subfield><subfield code='v'>Fiction.</subfield></datafield><datafield ind1=' ' ind2='7' tag='655'><subfield code='a'>Historical fiction</subfield><subfield code='2'>gsafd</subfield></datafield><datafield ind1=' ' ind2='7' tag='647'><subfield code='a'>World War</subfield><subfield code='d'>(1939-1945)</subfield><subfield code='2'>fast</subfield><subfield code='0'>(OCoLC)fst01180924</subfield></datafield><datafield ind1=' ' ind2='7' tag='648'><subfield code='a'>1900-1999</subfield><subfield code='2'>fast</subfield></datafield><datafield ind1='1' ind2=' ' tag='700'><subfield code='a'>Vennewitz, Leila</subfield></datafield><datafield ind1='1' ind2=' ' tag='583'><subfield code='a'>committed to retain</subfield><subfield code='c'>20181001</subfield><subfield code='d'>in perpetuity</subfield><subfield code='f'>ReCAP Shared Collection</subfield><subfield code='5'>HUL</subfield><subfield code='8'>222138142980003941</subfield></datafield><datafield ind1='0' ind2=' ' tag='852'><subfield code='c'>HD</subfield><subfield code='h'>PT2603.O394</subfield><subfield code='i'>G713 2011</subfield><subfield code='0'>12664889</subfield><subfield code='b'>scsbhl</subfield></datafield><datafield ind1=' ' ind2=' ' tag='876'><subfield code='0'>12664889</subfield><subfield code='a'>18450738</subfield><subfield code='h'> </subfield><subfield code='j'>Available</subfield><subfield code='k'>WID</subfield><subfield code='p'>32044117076109</subfield><subfield code='x'>Shared</subfield><subfield code='z'>HW</subfield><subfield code='l'>HD</subfield></datafield></record>