
<record><leader>00976nam a2200313I  4500</leader><controlfield tag='001'>SCSB-7981210</controlfield><controlfield tag='003'>OCoLC</controlfield><controlfield tag='005'>20000629184306.0</controlfield><controlfield tag='008'>961021m19459999nq f          000 0 spa  </controlfield><controlfield tag='009'>.b126559028</controlfield><datafield ind1=' ' ind2=' ' tag='010'><subfield code='a'>46018977</subfield></datafield><datafield ind1=' ' ind2=' ' tag='040'><subfield code='a'>DLC</subfield><subfield code='c'>NYP</subfield><subfield code='d'>WaOLN</subfield></datafield><datafield ind1='0' ind2=' ' tag='041'><subfield code='a'>spa</subfield><subfield code='a'>eng</subfield></datafield><datafield ind1=' ' ind2=' ' tag='049'><subfield code='a'>NYPG</subfield></datafield><datafield ind1='0' ind2='0' tag='050'><subfield code='a'>F1524</subfield><subfield code='b'>.C3</subfield></datafield><datafield ind1='0' ind2='0' tag='082'><subfield code='a'>917.285</subfield></datafield><datafield ind1='1' ind2=' ' tag='100'><subfield code='a'>Castillo, Guillermo J.</subfield></datafield><datafield ind1='1' ind2='0' tag='245'><subfield code='a'>Nicaragua ...</subfield></datafield><datafield ind1=' ' ind2=' ' tag='260'><subfield code='a'>[Managua,</subfield><subfield code='b'>Editorial Robelo,</subfield><subfield code='c'>1945?- ]</subfield></datafield><datafield ind1=' ' ind2=' ' tag='300'><subfield code='a'>v.</subfield><subfield code='b'>mounted col. plates.</subfield><subfield code='c'>21 x 26 cm.</subfield></datafield><datafield ind1=' ' ind2=' ' tag='500'><subfield code='a'>Cover-title.</subfield></datafield><datafield ind1=' ' ind2=' ' tag='500'><subfield code='a'>Hand-colored plates signed: Castillo.</subfield></datafield><datafield ind1=' ' ind2=' ' tag='500'><subfield code='a'>Includes music.</subfield></datafield><datafield ind1=' ' ind2=' ' tag='546'><subfield code='a'>Descriptive text in Spanish and English.</subfield></datafield><datafield ind1=' ' ind2='0' tag='651'><subfield code='a'>Nicaragua</subfield><subfield code='v'>Pictorial works.</subfield></datafield><datafield ind1=' ' ind2=' ' tag='907'><subfield code='a'>.b126559028</subfield><subfield code='c'>m</subfield><subfield code='d'>a</subfield><subfield code='e'>-</subfield><subfield code='f'>spa</subfield><subfield code='g'>nq</subfield><subfield code='h'>0</subfield><subfield code='i'>1</subfield></datafield><datafield ind1=' ' ind2=' ' tag='035'><subfield code='a'>(OCoLC)35765309</subfield></datafield><datafield ind1='8' ind2=' ' tag='852'><subfield code='h'>HMR (Castillo, G. J. Nicaragua)</subfield><subfield code='0'>8123796</subfield><subfield code='b'>scsbnypl</subfield></datafield><datafield ind1=' ' ind2=' ' tag='876'><subfield code='0'>8123796</subfield><subfield code='a'>13362870</subfield><subfield code='h'>Supervised Use</subfield><subfield code='j'>Available</subfield><subfield code='p'>33433088775253</subfield><subfield code='t'>1</subfield><subfield code='x'>Shared</subfield><subfield code='z'>NA</subfield><subfield code='l'>RECAP</subfield></datafield></record>