
<record><leader>00724nam a2200217u  4500</leader><controlfield tag='001'>SCSB-8528450</controlfield><controlfield tag='005'>19990221192025.1</controlfield><controlfield tag='008'>881229s1963    it ab         000 0 ita d</controlfield><controlfield tag='009'>.b115733875</controlfield><datafield ind1=' ' ind2=' ' tag='040'><subfield code='a'>*RQE*</subfield><subfield code='c'>*RQE*</subfield><subfield code='d'>NN</subfield><subfield code='d'>CStRLIN</subfield><subfield code='d'>WaOLN</subfield></datafield><datafield ind1='2' ind2=' ' tag='110'><subfield code='a'>Istituto nazionale per il commercio estero (Italy)</subfield></datafield><datafield ind1='0' ind2='0' tag='245'><subfield code='a'>Nicaragua.</subfield></datafield><datafield ind1=' ' ind2=' ' tag='260'><subfield code='a'>Rome,</subfield><subfield code='c'>1963.</subfield></datafield><datafield ind1=' ' ind2=' ' tag='300'><subfield code='a'>211 p.</subfield><subfield code='b'>illus., maps (1 col. fold.)</subfield><subfield code='c'>24 cm.</subfield></datafield><datafield ind1=' ' ind2='0' tag='651'><subfield code='a'>Nicaragua</subfield><subfield code='x'>Economic conditions.</subfield></datafield><datafield ind1=' ' ind2='0' tag='651'><subfield code='a'>Nicaragua</subfield><subfield code='x'>Commerce.</subfield></datafield><datafield ind1=' ' ind2=' ' tag='907'><subfield code='a'>.b115733875</subfield><subfield code='c'>m</subfield><subfield code='d'>a</subfield><subfield code='e'>-</subfield><subfield code='f'>ita</subfield><subfield code='g'>it</subfield><subfield code='h'>0</subfield><subfield code='i'>1</subfield></datafield><datafield ind1=' ' ind2=' ' tag='035'><subfield code='a'>(OCoLC)18954531</subfield></datafield><datafield ind1='8' ind2=' ' tag='852'><subfield code='h'>JBE 91-112</subfield><subfield code='0'>8685707</subfield><subfield code='b'>scsbnypl</subfield></datafield><datafield ind1=' ' ind2=' ' tag='876'><subfield code='0'>8685707</subfield><subfield code='a'>14196285</subfield><subfield code='j'>Available</subfield><subfield code='p'>33433037035080</subfield><subfield code='t'>1</subfield><subfield code='x'>Shared</subfield><subfield code='z'>NA</subfield><subfield code='l'>RECAP</subfield></datafield></record>