
<record><leader>01013nam a2200277 a 4500</leader><controlfield tag='001'>SCSB-10160332</controlfield><controlfield tag='005'>20020606093309.7</controlfield><controlfield tag='008'>930406s1990    enk     rb    00000 eng d</controlfield><controlfield tag='009'>990025304790203941</controlfield><datafield ind1=' ' ind2=' ' tag='035'><subfield code='a'>(OCoLC)28071312</subfield><subfield code='z'>(OCoLC)77947916</subfield></datafield><datafield ind1=' ' ind2=' ' tag='040'><subfield code='a'>TxU-L</subfield><subfield code='c'>TxU-L</subfield><subfield code='d'>MH-L</subfield></datafield><datafield ind1=' ' ind2=' ' tag='043'><subfield code='a'>ncnq---</subfield></datafield><datafield ind1=' ' ind2='4' tag='050'><subfield code='a'>KGG3012</subfield><subfield code='b'>.N52 1990</subfield></datafield><datafield ind1='0' ind2='0' tag='245'><subfield code='a'>Nicaragua.</subfield></datafield><datafield ind1='3' ind2=' ' tag='246'><subfield code='a'>Article 19 commentary.</subfield></datafield><datafield ind1='3' ind2=' ' tag='246'><subfield code='a'>Article 19 commentary</subfield></datafield><datafield ind1=' ' ind2=' ' tag='260'><subfield code='a'>London, U.K. :</subfield><subfield code='b'>Article 19,</subfield><subfield code='c'>[1990?]</subfield></datafield><datafield ind1=' ' ind2=' ' tag='300'><subfield code='a'>10 leaves ;</subfield><subfield code='c'>30 cm.</subfield></datafield><datafield ind1=' ' ind2=' ' tag='500'><subfield code='a'>&quot;Commentary on freedom of expression and information issues arising from: The second report of the Government of Nicaragua submitted under Article 40 of the Covenant for consideration by the Human Rights Committee at its March 1990 session.&quot;</subfield></datafield><datafield ind1=' ' ind2=' ' tag='500'><subfield code='a'>Running title: Article 19 commentary.</subfield></datafield><datafield ind1=' ' ind2=' ' tag='504'><subfield code='a'>Includes bibliographical references.</subfield></datafield><datafield ind1=' ' ind2='0' tag='650'><subfield code='a'>Freedom of information</subfield><subfield code='z'>Nicaragua.</subfield></datafield><datafield ind1=' ' ind2='0' tag='650'><subfield code='a'>Freedom of speech</subfield><subfield code='z'>Nicaragua.</subfield></datafield><datafield ind1='2' ind2=' ' tag='710'><subfield code='a'>Article 19 (Organization)</subfield></datafield><datafield ind1='1' ind2=' ' tag='583'><subfield code='a'>committed to retain</subfield><subfield code='c'>20181001</subfield><subfield code='d'>in perpetuity</subfield><subfield code='f'>ReCAP Shared Collection</subfield><subfield code='5'>HUL</subfield><subfield code='8'>221841216590003941</subfield></datafield><datafield ind1='8' ind2=' ' tag='852'><subfield code='c'>HD</subfield><subfield code='h'>NIC 962.5 NIC</subfield><subfield code='0'>10916786</subfield><subfield code='b'>scsbhl</subfield></datafield><datafield ind1=' ' ind2=' ' tag='876'><subfield code='0'>10916786</subfield><subfield code='a'>16625040</subfield><subfield code='h'> </subfield><subfield code='j'>Available</subfield><subfield code='k'>LAW</subfield><subfield code='p'>32044078522794</subfield><subfield code='x'>Shared</subfield><subfield code='z'>HL</subfield><subfield code='l'>HD</subfield></datafield></record>