
<record><leader>00000cam  2200289   4500</leader><controlfield tag='001'>SCSB-7607728</controlfield><controlfield tag='003'>CStRLIN</controlfield><controlfield tag='005'>20000813205305.4</controlfield><controlfield tag='007'>hd afa012baca</controlfield><controlfield tag='007'>hd bfa012baba</controlfield><controlfield tag='007'>hd bfa012baaa</controlfield><controlfield tag='008'>000706s1944    dcua    a    i000 0 eng dcam   </controlfield><controlfield tag='009'>.b146993482</controlfield><datafield ind1='2' ind2=' ' tag='110'><subfield code='a'>Pan American Union.</subfield></datafield><datafield ind1=' ' ind2='0' tag='651'><subfield code='a'>Nicaragua.</subfield></datafield><datafield ind1=' ' ind2=' ' tag='500'><subfield code='a'>Earlier issued as its American Nation Series, no. 14.</subfield></datafield><datafield ind1=' ' ind2=' ' tag='533'><subfield code='a'>Microfilm.</subfield><subfield code='b'>New York, N.Y. :</subfield><subfield code='c'>New York Public Library,</subfield><subfield code='d'>2000.</subfield><subfield code='e'>1 microfilm reel ; 35 mm.</subfield><subfield code='n'>(MN: *ZZ-37052)</subfield></datafield><datafield ind1=' ' ind2=' ' tag='260'><subfield code='a'>Washington,</subfield><subfield code='b'>Pan American Union</subfield><subfield code='c'>[1944]</subfield></datafield><datafield ind1=' ' ind2=' ' tag='300'><subfield code='a'>31 p.</subfield><subfield code='b'>illus.</subfield><subfield code='c'>23 cm.</subfield></datafield><datafield ind1='1' ind2='0' tag='245'><subfield code='a'>Nicaragua</subfield><subfield code='h'>[microform].</subfield></datafield><datafield ind1=' ' ind2=' ' tag='799'><subfield code='a'>National Endowment for the Humanities Preservation Grant 6, 1999/2001.</subfield></datafield><datafield ind1=' ' ind2=' ' tag='040'><subfield code='a'>NN</subfield><subfield code='d'>NN</subfield><subfield code='d'>WaOLN</subfield></datafield><datafield ind1=' ' ind2=' ' tag='043'><subfield code='a'>ncnq---</subfield></datafield><datafield ind1=' ' ind2=' ' tag='997'><subfield code='a'>hf</subfield><subfield code='b'>08-16-00</subfield><subfield code='c'>m</subfield><subfield code='d'>a</subfield><subfield code='e'>-</subfield><subfield code='f'>eng</subfield><subfield code='g'>dcu</subfield><subfield code='h'>0</subfield></datafield><datafield ind1=' ' ind2=' ' tag='910'><subfield code='a'>RL</subfield></datafield><datafield ind1='0' ind2='0' tag='907'><subfield code='a'>.b146993482</subfield></datafield><datafield ind1='8' ind2=' ' tag='852'><subfield code='h'>*Z-9069</subfield><subfield code='0'>7733101</subfield><subfield code='b'>scsbnypl</subfield></datafield><datafield ind1=' ' ind2=' ' tag='866'><subfield code='a'>no. 1-14</subfield><subfield code='0'>7733101</subfield></datafield><datafield ind1=' ' ind2=' ' tag='876'><subfield code='0'>7733101</subfield><subfield code='3'>no. 1-14</subfield><subfield code='a'>12629536</subfield><subfield code='h'>In Library Use</subfield><subfield code='j'>Available</subfield><subfield code='p'>33433107255436</subfield><subfield code='t'>1</subfield><subfield code='x'>Shared</subfield><subfield code='z'>NA</subfield><subfield code='l'>RECAP</subfield></datafield></record>