
<record><leader>00954nam a2200277u  4500</leader><controlfield tag='001'>SCSB-6372867</controlfield><controlfield tag='003'>OCoLC</controlfield><controlfield tag='005'>20000504180812.6</controlfield><controlfield tag='007'>hd afb---baca</controlfield><controlfield tag='008'>000503s19uu    nq      a     000 p spa d</controlfield><controlfield tag='009'>.b14585131x</controlfield><datafield ind1=' ' ind2=' ' tag='040'><subfield code='a'>NYP</subfield><subfield code='c'>NYP</subfield><subfield code='d'>WaOLN</subfield></datafield><datafield ind1=' ' ind2=' ' tag='049'><subfield code='a'>NYPF</subfield></datafield><datafield ind1='1' ind2=' ' tag='100'><subfield code='a'>Delgado, Juan B.</subfield><subfield code='q'>(Juan Bautista),</subfield><subfield code='d'>1868-1929.</subfield></datafield><datafield ind1='1' ind2='0' tag='245'><subfield code='a'>Nicaragua</subfield><subfield code='h'>[microform]</subfield></datafield><datafield ind1=' ' ind2=' ' tag='260'><subfield code='a'>Managua,</subfield><subfield code='b'>Tip. Alemana de C. Heuberger</subfield><subfield code='c'>[19--]</subfield></datafield><datafield ind1=' ' ind2=' ' tag='300'><subfield code='a'>[24] l.</subfield><subfield code='c'>25 cm.</subfield></datafield><datafield ind1=' ' ind2=' ' tag='533'><subfield code='a'>Microfilm.</subfield><subfield code='b'>New York :</subfield><subfield code='c'>New York Public Library,</subfield><subfield code='d'>[19--].</subfield><subfield code='e'>1 microfilm reel ; 35 mm.</subfield></datafield><datafield ind1=' ' ind2='0' tag='650'><subfield code='a'>Sonnets, Mexican.</subfield></datafield><datafield ind1=' ' ind2='4' tag='651'><subfield code='a'>Nicaragua</subfield><subfield code='v'>Poetry.</subfield></datafield><datafield ind1=' ' ind2=' ' tag='907'><subfield code='a'>.b14585131x</subfield><subfield code='c'>m</subfield><subfield code='d'>h</subfield><subfield code='e'>-</subfield><subfield code='f'>spa</subfield><subfield code='g'>nq</subfield><subfield code='h'>0</subfield><subfield code='i'>3</subfield></datafield><datafield ind1=' ' ind2=' ' tag='035'><subfield code='a'>(OCoLC)43972782</subfield></datafield><datafield ind1='8' ind2=' ' tag='852'><subfield code='h'>*Z-192</subfield><subfield code='0'>6432576</subfield><subfield code='b'>scsbnypl</subfield></datafield><datafield ind1=' ' ind2=' ' tag='866'><subfield code='a'>9 titles</subfield><subfield code='0'>6432576</subfield></datafield><datafield ind1=' ' ind2=' ' tag='876'><subfield code='0'>6432576</subfield><subfield code='3'>9 titles</subfield><subfield code='a'>10403578</subfield><subfield code='h'>In Library Use</subfield><subfield code='j'>Available</subfield><subfield code='p'>33433105943645</subfield><subfield code='t'>1</subfield><subfield code='x'>Shared</subfield><subfield code='z'>NA</subfield><subfield code='l'>RECAP</subfield></datafield></record>