
<record><leader>00000cam a2200325 a 4500</leader><controlfield tag='001'>SCSB-10533438</controlfield><controlfield tag='005'>20080722091358.0</controlfield><controlfield tag='008'>061115s2006    enk      b    000 0deng c</controlfield><controlfield tag='009'>990100095000203941</controlfield><datafield ind1=' ' ind2=' ' tag='010'><subfield code='a'>^^2006286117</subfield></datafield><datafield ind1=' ' ind2=' ' tag='015'><subfield code='a'>GBA597031</subfield><subfield code='2'>bnb</subfield></datafield><datafield ind1='7' ind2=' ' tag='016'><subfield code='a'>013337802</subfield><subfield code='2'>Uk</subfield></datafield><datafield ind1=' ' ind2=' ' tag='020'><subfield code='a'>0567044327 (pbk.)</subfield></datafield><datafield ind1=' ' ind2=' ' tag='020'><subfield code='a'>056704162X (hbk)</subfield></datafield><datafield ind1=' ' ind2=' ' tag='035'><subfield code='a'>(OCoLC)62307733</subfield></datafield><datafield ind1=' ' ind2=' ' tag='040'><subfield code='a'>UKM</subfield><subfield code='c'>UKM</subfield><subfield code='d'>BAKER</subfield><subfield code='d'>NDD</subfield><subfield code='d'>DLC</subfield></datafield><datafield ind1=' ' ind2=' ' tag='042'><subfield code='a'>pcc</subfield></datafield><datafield ind1='0' ind2='0' tag='050'><subfield code='a'>BT21.3</subfield><subfield code='b'>.L36 2006b</subfield></datafield><datafield ind1='0' ind2='0' tag='082'><subfield code='a'>230.09</subfield><subfield code='2'>22</subfield></datafield><datafield ind1='1' ind2=' ' tag='100'><subfield code='a'>Lane, A. N. S.</subfield></datafield><datafield ind1='1' ind2='2' tag='245'><subfield code='a'>A concise history of Christian thought /</subfield><subfield code='c'>Tony Lane.</subfield></datafield><datafield ind1=' ' ind2=' ' tag='250'><subfield code='a'>Completely rev. and expanded ed.</subfield></datafield><datafield ind1=' ' ind2=' ' tag='260'><subfield code='a'>London ;</subfield><subfield code='a'>New York :</subfield><subfield code='b'>T &amp; T Clark,</subfield><subfield code='c'>c2006.</subfield></datafield><datafield ind1=' ' ind2=' ' tag='300'><subfield code='a'>x, 336 p. ;</subfield><subfield code='c'>24 cm.</subfield></datafield><datafield ind1=' ' ind2=' ' tag='500'><subfield code='a'>Rev. ed. of: Harper&apos;s concise book of Christian faith.</subfield></datafield><datafield ind1=' ' ind2=' ' tag='504'><subfield code='a'>Includes bibliographical references.</subfield></datafield><datafield ind1='0' ind2='0' tag='505'><subfield code='g'>Pt. I.</subfield><subfield code='t'>The church of the fathers to A.D. 500 --</subfield><subfield code='t'>Greek philosophy --</subfield><subfield code='t'>Apostolic fathers --</subfield><subfield code='t'>Justin Martyr --</subfield><subfield code='t'>Irenaeus --</subfield><subfield code='t'>Tertullian --</subfield><subfield code='t'>Clement of Alexandria --</subfield><subfield code='t'>Origen --</subfield><subfield code='t'>Cyprian --</subfield><subfield code='t'>Eusebius of Caesarea --</subfield><subfield code='t'>Council of Nicea (325) --</subfield><subfield code='t'>Athanasius --</subfield><subfield code='t'>Ephrem the Syrian --</subfield><subfield code='t'>Cyril of Jerusalem --</subfield><subfield code='t'>Cappadocian fathers --</subfield><subfield code='t'>Council of Constantinople (381) --</subfield><subfield code='t'>Ambrose --</subfield><subfield code='t'>John Chrysostom --</subfield><subfield code='t'>Jerome --</subfield><subfield code='t'>Augustine --</subfield><subfield code='t'>Cyril of Alexandria --</subfield><subfield code='t'>Council of Ephesus (431) --</subfield><subfield code='t'>Theodoret of Cyrus --</subfield><subfield code='t'>Leo the Great --</subfield><subfield code='t'>Council of Chalcedon (451) --</subfield><subfield code='t'>Apostle&apos;s Creed --</subfield><subfield code='g'>Pt. II.</subfield><subfield code='t'>The eastern tradition from A.D. 500 --</subfield><subfield code='t'>Dionysius the Areopagite --</subfield><subfield code='t'>Council of Constantinople (553) --</subfield><subfield code='t'>Maximus the Confessor --</subfield><subfield code='t'>Council of Constantinople (680-81) --</subfield><subfield code='t'>John of Damascus --</subfield><subfield code='t'>Council of Nicea (787) --</subfield><subfield code='t'>Simeon the new theologian --</subfield><subfield code='t'>Gregory Palamas --</subfield><subfield code='t'>Confession of Dositheus (1672) --</subfield><subfield code='t'>Vladimir Lossky --</subfield><subfield code='g'>Pt. III.</subfield><subfield code='t'>The medieval West (A.D. 500-1500) --</subfield><subfield code='t'>Athanasian creed --</subfield><subfield code='t'>Boethius --</subfield><subfield code='t'>Council of Orange (529) --</subfield><subfield code='t'>Benedict --</subfield><subfield code='t'>Gregory the Great --</subfield><subfield code='t'>John Scotus Erigena --</subfield><subfield code='t'>Anselm --</subfield><subfield code='t'>Peter Abelard --</subfield><subfield code='t'>Bernard of Clairvaux --</subfield><subfield code='t'>Peter Lombard --</subfield><subfield code='t'>Joachim of Fiore --</subfield><subfield code='t'>Fourth Lateran Council (1215) --</subfield><subfield code='t'>Francis of Assisi --</subfield><subfield code='t'>Bonaventure --</subfield><subfield code='t'>Thomas Aquinas --</subfield><subfield code='t'>John Duns Scotus --</subfield><subfield code='t'>William of Ockham --</subfield><subfield code='t'>Thomas Bradwardine --</subfield><subfield code='t'>John Tauler --</subfield><subfield code='t'>Catherine of Siena --</subfield><subfield code='t'>John Wyclif --</subfield><subfield code='t'>Jan Hus --</subfield><subfield code='t'>Council of Florence (1438-45) --</subfield><subfield code='t'>Thomas a Kempis --</subfield><subfield code='t'>Gabriel Biel --</subfield><subfield code='g'>Pt. IV.</subfield><subfield code='t'>Reformation and reaction (1500-1800) --</subfield><subfield code='t'>Desiderius Erasmus --</subfield><subfield code='t'>The Lutheran tradition --</subfield><subfield code='t'>Martin Luther --</subfield><subfield code='t'>Philip Melanchthon --</subfield><subfield code='t'>Augsburg confession (1530) --</subfield><subfield code='t'>Formula of Concord (1577) --</subfield><subfield code='t'>Philip Jakob Spener --</subfield><subfield code='t'>The reformed tradition --</subfield><subfield code='t'>Ulrich Zwingli --</subfield><subfield code='t'>Martin Bucer --</subfield><subfield code='t'>John Calvin --</subfield><subfield code='t'>Heinrich Bullinger --</subfield><subfield code='t'>Heidelberg catechism (1563) --</subfield><subfield code='t'>Jakob Arminius --</subfield><subfield code='t'>Synod of Dort (1618-19) --</subfield><subfield code='t'>Jonathan Edwards --</subfield><subfield code='t'>The Anabaptists --</subfield><subfield code='t'>Schleitheim confession (1527) --</subfield><subfield code='t'>Menno Simons --</subfield><subfield code='t'>The British reformation --</subfield><subfield code='t'>William Tyndale --</subfield><subfield code='t'>Thomas Cranmer --</subfield><subfield code='t'>John Knox --</subfield><subfield code='t'>Thirty-nine articles --</subfield><subfield code='t'>Richard Hooker --</subfield><subfield code='t'>William Perkins --</subfield><subfield code='t'>Westminster confession --</subfield><subfield code='t'>John Owen --</subfield><subfield code='t'>Richard Baxter --</subfield><subfield code='t'>Second London confession (1677) --</subfield><subfield code='t'>John Bunyan --</subfield><subfield code='t'>John and Charles Wesley --</subfield><subfield code='t'>The Roman Catholic response --</subfield><subfield code='t'>Gasparo Contarini --</subfield><subfield code='t'>Ignatius Loyola --</subfield><subfield code='t'>Council of Trent (1545-63) --</subfield><subfield code='t'>Teresa of Avila --</subfield><subfield code='t'>John of the Cross --</subfield><subfield code='t'>Robert Bellarmine --</subfield><subfield code='t'>Blaise Pascal --</subfield><subfield code='g'>Pt. V.</subfield><subfield code='t'>Christian thought in the modern world (1800 onwards) --</subfield><subfield code='t'>The liberals --</subfield><subfield code='t'>Friedrich Schleiermacher --</subfield><subfield code='t'>Albrecht Ritschl --</subfield><subfield code='t'>Adolf von Harnack --</subfield><subfield code='t'>Rudolf Bultmann --</subfield><subfield code='t'>Paul Tillich --</subfield><subfield code='t'>John Hick --</subfield><subfield code='t'>The Evangelicals --</subfield><subfield code='t'>Charles Finney --</subfield><subfield code='t'>B. B. Warfield --</subfield><subfield code='t'>G. C. Berkouwer --</subfield><subfield code='t'>John Stott --</subfield><subfield code='t'>Lausanne Congress (1974) --</subfield><subfield code='t'>The new orthodoxy --</subfield><subfield code='t'>Soren Kierkegaard --</subfield><subfield code='t'>P. T. Forsyth --</subfield><subfield code='t'>Karl Barth --</subfield><subfield code='t'>Gustaf Aulen --</subfield><subfield code='t'>Barmen declaration (1934) --</subfield><subfield code='t'>Dietrich Bonhoeffer --</subfield><subfield code='t'>Reinhold Niebuhr --</subfield><subfield code='t'>Jurgen Moltmann --</subfield><subfield code='t'>Wolfhart Pannenberg --</subfield><subfield code='t'>Other developments --</subfield><subfield code='t'>Process theology --</subfield><subfield code='t'>Kosuke Koyama --</subfield><subfield code='t'>John Mbiti --</subfield><subfield code='t'>George Lindbeck --</subfield><subfield code='t'>The Roman Catholics --</subfield><subfield code='t'>John Henry Newman --</subfield><subfield code='t'>Ineffabilis Deus (1854) --</subfield><subfield code='t'>First Vatican Council (1869-70) --</subfield><subfield code='t'>Munificentissimus Deus (1950) --</subfield><subfield code='t'>Second Vatican Council (1962-65) --</subfield><subfield code='t'>Karl Rahner --</subfield><subfield code='t'>Hans Urs von Balthasar --</subfield><subfield code='t'>Hans Kung --</subfield><subfield code='t'>Gustavo Gutierrez --</subfield><subfield code='t'>Joseph Ratzinger/Pope Benedict XVI --</subfield><subfield code='t'>Elisabeth Schussler Fiorenza --</subfield><subfield code='t'>Catechism of the Catholic church (1994) --</subfield><subfield code='t'>The ecumenical movement --</subfield><subfield code='t'>World Council of Churches --</subfield><subfield code='t'>Baptism, eucharist and ministry (1982) --</subfield><subfield code='t'>Joint declaration on the doctrine of justification (1999).</subfield></datafield><datafield ind1=' ' ind2='0' tag='650'><subfield code='a'>Theology, Doctrinal</subfield><subfield code='x'>History.</subfield></datafield><datafield ind1=' ' ind2='0' tag='650'><subfield code='a'>Theologians</subfield><subfield code='v'>Biography</subfield></datafield><datafield ind1=' ' ind2='7' tag='655'><subfield code='a'>Biographies</subfield><subfield code='2'>fast</subfield><subfield code='0'>(OCoLC)fst01919896</subfield></datafield><datafield ind1=' ' ind2='7' tag='655'><subfield code='a'>History</subfield><subfield code='2'>fast</subfield><subfield code='0'>(OCoLC)fst01411628</subfield></datafield><datafield ind1='1' ind2=' ' tag='700'><subfield code='a'>Lane, A. N. S.</subfield><subfield code='t'>Harper&apos;s concise book of Christian faith.</subfield></datafield><datafield ind1='1' ind2=' ' tag='583'><subfield code='a'>committed to retain</subfield><subfield code='c'>20181001</subfield><subfield code='d'>in perpetuity</subfield><subfield code='f'>ReCAP Shared Collection</subfield><subfield code='5'>HUL</subfield><subfield code='8'>222111907710003941</subfield></datafield><datafield ind1='0' ind2=' ' tag='852'><subfield code='c'>HD</subfield><subfield code='h'>BT21.3</subfield><subfield code='i'>.L36 2006b</subfield><subfield code='0'>11315682</subfield><subfield code='b'>scsbhl</subfield></datafield><datafield ind1=' ' ind2=' ' tag='876'><subfield code='0'>11315682</subfield><subfield code='a'>17048803</subfield><subfield code='h'> </subfield><subfield code='j'>Available</subfield><subfield code='k'>WID</subfield><subfield code='p'>32044105891600</subfield><subfield code='x'>Shared</subfield><subfield code='z'>HW</subfield><subfield code='l'>HD</subfield></datafield></record>