
<record><leader>00000cam a2200697 i 4500</leader><controlfield tag='001'>SCSB-12346213</controlfield><controlfield tag='005'>20151031224520.0</controlfield><controlfield tag='008'>141215s2014    onc      b    000 0 eng  </controlfield><controlfield tag='009'>990145081560203941</controlfield><datafield ind1=' ' ind2=' ' tag='010'><subfield code='a'>^^2014469990</subfield></datafield><datafield ind1=' ' ind2=' ' tag='016'><subfield code='a'>20149020260</subfield></datafield><datafield ind1=' ' ind2=' ' tag='020'><subfield code='a'>9781442608252</subfield><subfield code='q'>(bound)</subfield></datafield><datafield ind1=' ' ind2=' ' tag='020'><subfield code='a'>1442608250</subfield><subfield code='q'>(bound)</subfield></datafield><datafield ind1=' ' ind2=' ' tag='020'><subfield code='a'>9781442607149</subfield><subfield code='q'>(pbk.)</subfield></datafield><datafield ind1=' ' ind2=' ' tag='020'><subfield code='a'>1442607149</subfield><subfield code='q'>(pbk.)</subfield></datafield><datafield ind1=' ' ind2=' ' tag='035'><subfield code='a'>(OCoLC)877363256</subfield><subfield code='z'>(OCoLC)881021683</subfield></datafield><datafield ind1=' ' ind2=' ' tag='040'><subfield code='a'>NLC</subfield><subfield code='b'>eng</subfield><subfield code='e'>rda</subfield><subfield code='c'>NLC</subfield><subfield code='d'>DLC</subfield><subfield code='d'>YDXCP</subfield><subfield code='d'>BDX</subfield><subfield code='d'>ERASA</subfield><subfield code='d'>BTCTA</subfield><subfield code='d'>OCLCF</subfield><subfield code='d'>CDX</subfield><subfield code='d'>ZCU</subfield><subfield code='d'>OCLCQ</subfield><subfield code='d'>COO</subfield><subfield code='d'>VLB</subfield></datafield><datafield ind1=' ' ind2=' ' tag='042'><subfield code='a'>lccopycat</subfield></datafield><datafield ind1=' ' ind2=' ' tag='043'><subfield code='a'>en-----</subfield></datafield><datafield ind1='0' ind2='0' tag='050'><subfield code='a'>CB361</subfield><subfield code='b'>.R33 2014</subfield></datafield><datafield ind1=' ' ind2='0' tag='055'><subfield code='a'>CB361</subfield><subfield code='b'>R33 2014</subfield></datafield><datafield ind1='0' ind2='4' tag='082'><subfield code='a'>940.2/1</subfield><subfield code='2'>23</subfield></datafield><datafield ind1='0' ind2='4' tag='245'><subfield code='a'>The Renaissance and Reformation in northern Europe /</subfield><subfield code='c'>edited by Kenneth R. Bartlett and Margaret McGlynn.</subfield></datafield><datafield ind1=' ' ind2='1' tag='264'><subfield code='a'>Toronto, Ontario :</subfield><subfield code='b'>University of Toronto Press,</subfield><subfield code='c'>[2014]</subfield></datafield><datafield ind1=' ' ind2=' ' tag='300'><subfield code='a'>xxiv, 288 pages ;</subfield><subfield code='c'>26 cm</subfield></datafield><datafield ind1=' ' ind2=' ' tag='336'><subfield code='a'>text</subfield><subfield code='b'>txt</subfield><subfield code='2'>rdacontent</subfield></datafield><datafield ind1=' ' ind2=' ' tag='337'><subfield code='a'>unmediated</subfield><subfield code='b'>n</subfield><subfield code='2'>rdamedia</subfield></datafield><datafield ind1=' ' ind2=' ' tag='338'><subfield code='a'>volume</subfield><subfield code='b'>nc</subfield><subfield code='2'>rdacarrier</subfield></datafield><datafield ind1=' ' ind2=' ' tag='504'><subfield code='a'>Includes bibliographical references.</subfield></datafield><datafield ind1=' ' ind2=' ' tag='520'><subfield code='a'>This updated version of Humanism and the Northern Renaissance now includes over 60 documents exploring humanist and Renaissance ideals, the zeal of religion, and the wealth of the new world. Together, the sources illuminate the chaos and brilliance of the historical period - as well as its failures and inconsistencies. The reader has been thoroughly revised to meet the needs of the undergraduate classroom. Over 30 historical documents have been added, including material by Martin Luther, John Calvin, John Knox, William Shakespeare, Christopher Columbus, Miguel de Cervantes, and Galileo Galilei. In the introduction, Bartlett and McGlynn identify humanism as the central expression of the European Renaissance and explain how this idea migrated from Italy to northern Europe. The editors also emphasize the role of the church and Christianity in northern Europe and detail the events leading up to the Reformation. A short essay on how to read historical documents is included. Each reading is preceded by a short introduction and ancillary materials can be found on UTP&apos;s History Matters website (www.utphistorymatters.com) --Provided by publisher.</subfield></datafield><datafield ind1=' ' ind2=' ' tag='530'><subfield code='a'>Issued also in electronic format.</subfield></datafield><datafield ind1='0' ind2=' ' tag='505'><subfield code='a'>The background to reform -- Diary of the Council of Constance / Cardinal Guillaume Filastre (1348-1412) -- The end of the saintly and reverend master John Hus / Peter of Mladonovice (1390s-1451) -- First book of the commentaries / Aeneas Silvius Piccolomini (Pius II) (1405-64) -- Of wedded men and wives and of thier children also / John Wyclif (c. 1330-84) -- The imitation of Christ / Thomas Kempis (1379-1471) -- Early northern humanism -- Oration delivered publicly in the University of Ingolstadt / Conrad Celtis (1459-1508) -- Letter to the professors and masters of the University of Oxford / Sir Thomas More (1478-1535) -- Letter to Jodocus Jonus on Vitrier and Colet / Desiderius Erasmus of Rotterdam (1466?-1536) -- The life of sir Thomas More / William Roper (c. 1495-1578) -- The paraclesis / Desiderius Erasmus of Rotterdam (1466?-1536) -- Prologue to the polygot / Cardinal Francisco Ximenes (1436-1517) -- A pilgrimage for religion&apos;s sake / Desiderius Erasmus of Rotterdam (1466?-1536) -- The protestant reformation -- To the Christian nobility / Martin Luther (1483-1546) -- The twelve articles / (Anonymous (1525) -- An Admonition to peace / Martin Luther (1483-1546) -- Against the robbing and murdering hoardes / (Martin Luther 1483-1546) -- A highly provokedd defense / Thomas Muntzer (1489-1525) -- Letter to...Strasbourg / Katharina Schutz Zell (1498-1562) -- To Adom von Thering / Argula von Grumback (c. 1492-1554) -- On the errors of the trinity / Michael Servetus (1511-53) -- Reply to Sadoleto / John Calvin (1509-64) -- A supplication for the beggars / Simon Fish (d. 1531) -- Prohibition for appeals to Rome -- The two examinations / Anne Askew (c. 1520-46) -- Funeral oration over Luther / Philip Melanchtlon (1497-1560) -- The catholic reformation -- Consilium de Emendanda Ecclesia -- The capuchin consititution of 1536 -- Letter on Obedience / Ignatius Loyola (1491-1556) -- Spiritual testimonies / Teresa of Avila (1515-82) -- Social relations -- The trial of Mary and Joseph -- Malleus Maleficarum -- Utopia, book 1 / Sir Thomas More (1478-1535) -- On the family / Martin Luther (1483-1546) -- The Heptameron / Maguerite de Navarre (1492-1549) -- The old game / Hans Sachs (1494-1576) -- On experience / Michel de Montaigne (1533-92) -- Jack of Newbury / Thomas Deloney -- On assistance to the poor / Juan Luis Vives (1492-1540) -- Ulysses on degree, from Troilus and Cressida / William Shakespeare (1564-1616) -- Discovering new worlds abroad -- The privileges accorded to Columbus by Ferdinand and Isabella / Christopher Columbus (1451-1506) -- General and natural history of the Indies / Gonzalo Fernandez de Oviedo (1478-1557) -- The expedition of Francisco Hernandez de Cordoba / Bernal Diaz (1492-1581) -- Letter to..Richard Hakluyt...From St. John&apos;s Harbor, Newfoundland / Stephen Parmenius of Buda (c. 1541-83) -- The book made by...Mr. Robert Thorne in the year 1527 in Seville, to Dr. Ley / Richard Hakluty (c. 1552-1616) -- The second voyage of Captian Frobisher, made to the West and Northwest regions, in the yere 1577 / Sir Martin Frobisher (c. 1535-94) -- Notes given in 1580 to Mr. Arthur Pet, and to Mr. Charles Jackman, sent by the merchants of the Muscovy company for the discovery of the Northeast Strait / Richard Hakluyt (c. 1552-1616) -- Imagining new worlds at home -- Prologue to the translation of the Eneydos / William Caxton (b. 1415-24, d. 1492) -- Don Quixote -- Dedication to the Duke of Bejar and the prologue / Miguel de Cervantes (1547-1616) -- Don Quixote / Miguel de Cernates (1547-1616) -- Letter to the King Henri II of France / Nostradamus (Michel de Nostradame) (1503-66) -- The fugger newsletters (1568-1604) -- Letter to the Grand Duchess Christina / Galileo Galilei (1564-1642) -- The first and chief Groundes of Architecture / John Shute (d. 1563) -- Method for the easy comprehension of history / Jean Bodin (1530-96) -- Gargantua and Pantagruel / Francois Rabelais (c. 1483-1533) -- The merchant of Venice / William Shakespeare (1564-1616) -- Renaissancce and reformation politics -- The boke named the Governour / Sir Thomas Elyot (c. 1490-1546) -- The education of a Christian prince / (c. 1466-1536) -- On the writing of letters / Juan Luis Vives (1492-1540) -- Advice to his son / Emperor Charles V (1500-58) -- The first blast of the trumpet against the monstrous regiment of women / John Know (c. 1514-72) -- Queen Elizabeth&apos;s first speech, Hatfield, November 20, 1558 and Richard Mulcaster&apos;s account of Queen Elizabeth&apos;s speech / Queen Elizabeth I of England (1533-1603) -- On the right of magistrates / Theodore Beza (1519-1605).</subfield></datafield><datafield ind1=' ' ind2='0' tag='650'><subfield code='a'>Renaissance</subfield><subfield code='z'>Europe, Northern</subfield><subfield code='v'>Sources.</subfield></datafield><datafield ind1=' ' ind2='0' tag='650'><subfield code='a'>Reformation</subfield><subfield code='z'>Europe, Northern</subfield><subfield code='v'>Sources.</subfield></datafield><datafield ind1=' ' ind2='0' tag='650'><subfield code='a'>Humanism</subfield><subfield code='z'>Europe, Northern</subfield><subfield code='v'>Sources.</subfield></datafield><datafield ind1=' ' ind2='0' tag='651'><subfield code='a'>Europe, Northern</subfield><subfield code='x'>Civilization</subfield><subfield code='v'>Sources.</subfield></datafield><datafield ind1=' ' ind2='0' tag='651'><subfield code='a'>Europe, Northern</subfield><subfield code='x'>History</subfield><subfield code='v'>Sources.</subfield></datafield><datafield ind1=' ' ind2='7' tag='650'><subfield code='a'>Civilization</subfield><subfield code='2'>fast</subfield><subfield code='0'>(OCoLC)fst00862898</subfield></datafield><datafield ind1=' ' ind2='7' tag='650'><subfield code='a'>Humanism</subfield><subfield code='2'>fast</subfield><subfield code='0'>(OCoLC)fst00963520</subfield></datafield><datafield ind1=' ' ind2='7' tag='650'><subfield code='a'>Reformation</subfield><subfield code='2'>fast</subfield><subfield code='0'>(OCoLC)fst01092555</subfield></datafield><datafield ind1=' ' ind2='7' tag='650'><subfield code='a'>Renaissance</subfield><subfield code='2'>fast</subfield><subfield code='0'>(OCoLC)fst01094518</subfield></datafield><datafield ind1=' ' ind2='7' tag='651'><subfield code='a'>Northern Europe</subfield><subfield code='2'>fast</subfield><subfield code='0'>(OCoLC)fst01245081</subfield></datafield><datafield ind1=' ' ind2='7' tag='655'><subfield code='a'>History</subfield><subfield code='2'>fast</subfield><subfield code='0'>(OCoLC)fst01411628</subfield></datafield><datafield ind1=' ' ind2='7' tag='655'><subfield code='a'>Sources</subfield><subfield code='2'>fast</subfield><subfield code='0'>(OCoLC)fst01423900</subfield></datafield><datafield ind1='1' ind2=' ' tag='700'><subfield code='a'>Bartlett, Kenneth R.,</subfield><subfield code='e'>editor.</subfield></datafield><datafield ind1='1' ind2=' ' tag='700'><subfield code='a'>McGlynn, Margaret,</subfield><subfield code='d'>1968-</subfield><subfield code='e'>editor.</subfield></datafield><datafield ind1='1' ind2=' ' tag='776'><subfield code='t'>Renaissance and Reformation in northern Europe.</subfield><subfield code='w'>(CaOONL)20149020279</subfield></datafield><datafield ind1='1' ind2=' ' tag='583'><subfield code='a'>committed to retain</subfield><subfield code='c'>20181001</subfield><subfield code='d'>in perpetuity</subfield><subfield code='f'>ReCAP Shared Collection</subfield><subfield code='5'>HUL</subfield><subfield code='8'>222183240030003941</subfield></datafield><datafield ind1='0' ind2=' ' tag='852'><subfield code='c'>HD</subfield><subfield code='h'>CB361</subfield><subfield code='i'>.R33 2014</subfield><subfield code='0'>13181476</subfield><subfield code='b'>scsbhl</subfield></datafield><datafield ind1=' ' ind2=' ' tag='876'><subfield code='0'>13181476</subfield><subfield code='a'>18986763</subfield><subfield code='h'> </subfield><subfield code='j'>Available</subfield><subfield code='k'>WID</subfield><subfield code='p'>32044134258599</subfield><subfield code='x'>Shared</subfield><subfield code='z'>HW</subfield><subfield code='l'>HD</subfield></datafield></record>