
<record><leader>02167cam a2200517 a 4500</leader><controlfield tag='001'>SCSB-2825476</controlfield><controlfield tag='003'>NNC</controlfield><controlfield tag='005'>20230405235214.0</controlfield><controlfield tag='008'>910315s1990    enk      b    001 0 eng  </controlfield><controlfield tag='009'>910885</controlfield><datafield ind1=' ' ind2=' ' tag='010'><subfield code='a'>   90034950 </subfield></datafield><datafield ind1=' ' ind2=' ' tag='015'><subfield code='a'>GB9028773</subfield><subfield code='2'>bnb</subfield></datafield><datafield ind1=' ' ind2=' ' tag='019'><subfield code='a'>21596759</subfield><subfield code='a'>1022733881</subfield></datafield><datafield ind1=' ' ind2=' ' tag='020'><subfield code='a'>0192541838</subfield></datafield><datafield ind1=' ' ind2=' ' tag='020'><subfield code='a'>0192813471</subfield><subfield code='q'>(pbk.)</subfield></datafield><datafield ind1=' ' ind2=' ' tag='020'><subfield code='a'>9780192541833</subfield></datafield><datafield ind1=' ' ind2=' ' tag='020'><subfield code='a'>9780192813473</subfield><subfield code='q'>(pbk.)</subfield></datafield><datafield ind1=' ' ind2=' ' tag='035'><subfield code='a'>(OCoLC)21335465</subfield></datafield><datafield ind1=' ' ind2=' ' tag='035'><subfield code='a'>(NNC)910885</subfield></datafield><datafield ind1=' ' ind2=' ' tag='035'><subfield code='a'>910885</subfield></datafield><datafield ind1=' ' ind2=' ' tag='040'><subfield code='a'>DLC</subfield><subfield code='b'>eng</subfield><subfield code='c'>DLC</subfield><subfield code='d'>UKM</subfield><subfield code='d'>BAKER</subfield><subfield code='d'>BTCTA</subfield><subfield code='d'>YDXCP</subfield><subfield code='d'>AU@</subfield><subfield code='d'>OCLCQ</subfield><subfield code='d'>TLE</subfield><subfield code='d'>EUM</subfield><subfield code='d'>GBVCP</subfield><subfield code='d'>TUU</subfield><subfield code='d'>OCLCF</subfield><subfield code='d'>OCLCQ</subfield><subfield code='d'>DEBBG</subfield><subfield code='d'>OCL</subfield><subfield code='d'>OCLCQ</subfield><subfield code='d'>VPI</subfield><subfield code='d'>DHA</subfield><subfield code='d'>OCLCQ</subfield><subfield code='d'>OCLCO</subfield><subfield code='d'>OCLCQ</subfield><subfield code='d'>XFF</subfield><subfield code='d'>OCLCQ</subfield><subfield code='d'>PVW</subfield></datafield><datafield ind1='0' ind2='0' tag='050'><subfield code='a'>PR3546</subfield><subfield code='b'>.A6 1990</subfield></datafield><datafield ind1='0' ind2='0' tag='082'><subfield code='a'>821/.4</subfield><subfield code='2'>20</subfield></datafield><datafield ind1=' ' ind2=' ' tag='084'><subfield code='a'>HK 2531</subfield><subfield code='2'>rvk</subfield></datafield><datafield ind1='1' ind2=' ' tag='100'><subfield code='a'>Marvell, Andrew,</subfield><subfield code='d'>1621-1678.</subfield><subfield code='0'>http://id.loc.gov/authorities/names/n80010195</subfield></datafield><datafield ind1='1' ind2='0' tag='240'><subfield code='a'>Works.</subfield><subfield code='k'>Selections.</subfield><subfield code='f'>1990</subfield></datafield><datafield ind1='1' ind2='0' tag='245'><subfield code='a'>Andrew Marvell /</subfield><subfield code='c'>edited by Frank Kermode and Keith Walker.</subfield></datafield><datafield ind1=' ' ind2=' ' tag='260'><subfield code='a'>Oxford [England] ;</subfield><subfield code='a'>New York :</subfield><subfield code='b'>Oxford University Press,</subfield><subfield code='c'>1990.</subfield></datafield><datafield ind1=' ' ind2=' ' tag='300'><subfield code='a'>xvi, 362 pages ;</subfield><subfield code='c'>23 cm.</subfield></datafield><datafield ind1=' ' ind2=' ' tag='336'><subfield code='a'>text</subfield><subfield code='b'>txt</subfield><subfield code='2'>rdacontent</subfield></datafield><datafield ind1=' ' ind2=' ' tag='337'><subfield code='a'>unmediated</subfield><subfield code='b'>n</subfield><subfield code='2'>rdamedia</subfield></datafield><datafield ind1=' ' ind2=' ' tag='338'><subfield code='a'>volume</subfield><subfield code='b'>nc</subfield><subfield code='2'>rdacarrier</subfield></datafield><datafield ind1='1' ind2=' ' tag='490'><subfield code='a'>The Oxford authors</subfield></datafield><datafield ind1=' ' ind2=' ' tag='504'><subfield code='a'>Includes bibliographical references (pages 359-360) and index.</subfield></datafield><datafield ind1='0' ind2=' ' tag='505'><subfield code='a'>Poems published in Miscellaneous poems, 1681 -- Satires of the reign of Charles II.</subfield></datafield><datafield ind1='1' ind2='0' tag='600'><subfield code='a'>Marvell, Andrew,</subfield><subfield code='d'>1621-1678.</subfield><subfield code='0'>http://id.loc.gov/authorities/names/n80010195</subfield></datafield><datafield ind1='1' ind2='7' tag='600'><subfield code='a'>Marvell, Andrew,</subfield><subfield code='d'>1621-1678.</subfield><subfield code='2'>fast</subfield><subfield code='0'>(OCoLC)fst00049338</subfield></datafield><datafield ind1='1' ind2='4' tag='600'><subfield code='a'>Marvell, Andrew,</subfield><subfield code='d'>1621-1678.</subfield><subfield code='0'>(OSt)25732</subfield></datafield><datafield ind1=' ' ind2='0' tag='650'><subfield code='a'>Poets, English</subfield><subfield code='y'>Early modern, 1500-1700.</subfield><subfield code='0'>http://id.loc.gov/authorities/subjects/sh85103787</subfield></datafield><datafield ind1=' ' ind2='7' tag='650'><subfield code='a'>Poets, English</subfield><subfield code='x'>Early modern.</subfield><subfield code='2'>fast</subfield><subfield code='0'>(OCoLC)fst01711108</subfield></datafield><datafield ind1=' ' ind2='7' tag='648'><subfield code='a'>1500-1700</subfield><subfield code='2'>fast</subfield></datafield><datafield ind1=' ' ind2=' ' tag='653'><subfield code='a'>English poetry</subfield></datafield><datafield ind1='1' ind2=' ' tag='700'><subfield code='a'>Kermode, Frank,</subfield><subfield code='d'>1919-2010.</subfield><subfield code='0'>http://id.loc.gov/authorities/names/n80126228</subfield></datafield><datafield ind1='1' ind2=' ' tag='700'><subfield code='a'>Walker, Keith,</subfield><subfield code='d'>1936-</subfield><subfield code='0'>http://id.loc.gov/authorities/names/n84048506</subfield></datafield><datafield ind1=' ' ind2='0' tag='830'><subfield code='a'>Oxford authors.</subfield><subfield code='0'>http://id.loc.gov/authorities/names/n83722852</subfield></datafield><datafield ind1='0' ind2='0' tag='852'><subfield code='h'>PR3546 .A6 1990</subfield><subfield code='0'>2802486</subfield><subfield code='b'>scsbcul</subfield></datafield><datafield ind1=' ' ind2=' ' tag='876'><subfield code='0'>2802486</subfield><subfield code='a'>4436529</subfield><subfield code='h'> </subfield><subfield code='j'>Available</subfield><subfield code='p'>1001109421</subfield><subfield code='t'>1</subfield><subfield code='x'>Shared</subfield><subfield code='z'>CU</subfield><subfield code='l'>RECAP</subfield></datafield></record>