
<record><leader>00958cam a22003018a 4500</leader><controlfield tag='001'>SCSB-11789106</controlfield><controlfield tag='005'>20150630175006.0</controlfield><controlfield tag='008'>001129s2001    enk      b    001 0 eng  </controlfield><controlfield tag='009'>990086895970203941</controlfield><datafield ind1=' ' ind2=' ' tag='010'><subfield code='a'>^^^00067510^</subfield></datafield><datafield ind1=' ' ind2=' ' tag='020'><subfield code='a'>0631217681 (alk. paper)</subfield></datafield><datafield ind1=' ' ind2=' ' tag='020'><subfield code='a'>063121769X (pb. : alk. paper)</subfield></datafield><datafield ind1=' ' ind2=' ' tag='035'><subfield code='a'>(OCoLC)45493084</subfield><subfield code='z'>(OCoLC)490690206</subfield><subfield code='z'>(OCoLC)1445684462</subfield></datafield><datafield ind1=' ' ind2=' ' tag='040'><subfield code='a'>DLC</subfield><subfield code='c'>DLC</subfield><subfield code='d'>DLC</subfield></datafield><datafield ind1='0' ind2=' ' tag='041'><subfield code='a'>eng</subfield><subfield code='h'>eng</subfield></datafield><datafield ind1=' ' ind2=' ' tag='043'><subfield code='a'>e-uk---</subfield></datafield><datafield ind1='0' ind2='0' tag='050'><subfield code='a'>PR1134</subfield><subfield code='b'>.B74 2001</subfield></datafield><datafield ind1='0' ind2='0' tag='082'><subfield code='a'>820.8</subfield><subfield code='2'>21</subfield></datafield><datafield ind1='0' ind2='0' tag='245'><subfield code='a'>British literature, 1640-1789 :</subfield><subfield code='b'>an anthology /</subfield><subfield code='c'>edited by Robert DeMaria.</subfield></datafield><datafield ind1=' ' ind2=' ' tag='250'><subfield code='a'>2nd ed.</subfield></datafield><datafield ind1=' ' ind2=' ' tag='260'><subfield code='a'>Oxford, UK ;</subfield><subfield code='a'>Malden, Mass., USA :</subfield><subfield code='b'>Blackwell,</subfield><subfield code='c'>2001.</subfield></datafield><datafield ind1=' ' ind2=' ' tag='300'><subfield code='a'>xxix, 946 p. ;</subfield><subfield code='c'>26 cm.</subfield></datafield><datafield ind1='1' ind2=' ' tag='490'><subfield code='a'>Blackwell anthologies</subfield></datafield><datafield ind1=' ' ind2=' ' tag='504'><subfield code='a'>Includes bibliographical references and indexes.</subfield></datafield><datafield ind1='0' ind2='0' tag='505'><subfield code='t'>Ballads and Newsbooks from the Civil War (1640-1649).</subfield><subfield code='t'>The World is Turned Upside Down (1646).</subfield><subfield code='t'>The King&apos;s Last Farewell to the World, or The Dead King&apos;s Living Meditations, at the approach of Death denounced against Him (1649).</subfield><subfield code='t'>The Royal Health to the Rising Sun (1649).</subfield><subfield code='t'>from a Perfect Diurnal of Some Passages in Parliament (1649).</subfield><subfield code='t'>Number 288 29 January-5 February 1649.</subfield><subfield code='t'>from Mercurius Pragmaticus (1649).</subfield><subfield code='t'>Number 43 30 January-6 February 1649 --</subfield><subfield code='t'>Thomas Hobbes (1588-1679).</subfield><subfield code='t'>from Leviathan (1651).</subfield><subfield code='t'>Chapter XIII Of the Natural Condition of Mankind, as concerning their Pelicity, and Misery --</subfield><subfield code='t'>Robert Filmer (d. 1653).</subfield><subfield code='t'>from Patriarcha, or the Natural Power of Kings Asserted (1680).</subfield><subfield code='t'>V: Kings are either Fathers of their People, or Heirs of such Fathers, or the Usurpers of the Rights of such Fathers.</subfield><subfield code='t'>VI: Of the Escheating of Kingdoms.</subfield><subfield code='t'>VII: Of the Agreement of Paternal and Regal Power --</subfield><subfield code='t'>Robert Herrick (1591-1674).</subfield><subfield code='t'>from Hesperides (1648).</subfield><subfield code='t'>The Argument of His Book.</subfield><subfield code='t'>To Daffodils.</subfield><subfield code='t'>The Night-piece, to Julia.</subfield><subfield code='t'>The Hock-Cart, or Harvest Home.</subfield><subfield code='t'>Upon Julia&apos;s Clothes.</subfield><subfield code='t'>When he would have his verses read.</subfield><subfield code='t'>Delight in Disorder.</subfield><subfield code='t'>To the Virgins, to make much of Time.</subfield><subfield code='t'>His Return to London.</subfield><subfield code='t'>The Bad Season Makes the Poet Sad.</subfield><subfield code='t'>The Pillar of Fame --</subfield><subfield code='t'>Charles I (1600-1649) and John Gauden (1605-1662).</subfield><subfield code='t'>from Eikon Basilike (1649).</subfield><subfield code='t'>Upon the Calling in of the Scots, and their Coming --</subfield><subfield code='t'>John Milton (1608-1674).</subfield><subfield code='t'>from The Doctrine and Discipline of Divorce; Restored to the Good of Both Sexes, From the bondage of Canon Law, and other mistakes, to Christian freedom, guided by the Rule of Charity, Wherein also many places of Scripture, have recovered their long-lost meaning. Seasonable to be now thought on in the Reformation intended. (1643).</subfield><subfield code='t'>Book I: The Preface.</subfield><subfield code='t'>from Chapter I.</subfield><subfield code='t'>from Chapter VI.</subfield><subfield code='t'>from Areopagitica; A Speech of Mr. John Milton for the Liberty of Unlicensed Printing, to the Parliament of England (1644).</subfield><subfield code='t'>from Eikonoklastes (1649).</subfield><subfield code='t'>Chapter 13: Upon the Calling in of the Scots and their Coming.</subfield><subfield code='t'>from Poems (1673).</subfield><subfield code='t'>Sonnet 18 (1655): On the Late Massacre in Piemont.</subfield><subfield code='t'>Sonnet 19 (1652?): &apos;When I Consider how my Light is Spent&apos;.</subfield><subfield code='t'>Sonnet 16: [To the Lord General Cromwell, 1652].</subfield><subfield code='t'>from Paradise Lost (1667).</subfield><subfield code='t'>The Verse.</subfield><subfield code='t'>Book I.</subfield><subfield code='t'>Book II.</subfield><subfield code='t'>Book IV.</subfield><subfield code='t'>Book IX --</subfield><subfield code='t'>Margaret Fell Fox (1614-1702).</subfield><subfield code='t'>from Women&apos;s Speaking Justified, Proved and Allowed by the Scriptures (1666) --</subfield><subfield code='t'>Richard Lovelace (1618-1658).</subfield><subfield code='t'>from Lucasta (1649).</subfield><subfield code='t'>Song To Lucasta, Going to the Wars.</subfield><subfield code='t'>Song To Amarantha, That she would dishevel her hair.</subfield><subfield code='t'>To Althea, From Prison Song --</subfield><subfield code='t'>Abraham Cowley (1618-1667).</subfield><subfield code='t'>from Poems (1656).</subfield><subfield code='t'>ODE Of Wit.</subfield><subfield code='t'>To Mr Hobbes --</subfield><subfield code='t'>Lucy Apsley Hutchinson (1620-1681).</subfield><subfield code='t'>from Memoirs of the Life of Colonel Hutchinson (1664) --</subfield><subfield code='t'>Andrew Marvell (1621-1678).</subfield><subfield code='t'>from Miscellaneous Poems (1681).</subfield><subfield code='t'>Bermudas (1653?).</subfield><subfield code='t'>The Mower to the Glo-Worms (1651-2?).</subfield><subfield code='t'>An Horatian Ode upon Cromwell&apos;s Return from Ireland (1650).</subfield><subfield code='t'>The Garden (1651-2?).</subfield><subfield code='t'>On a Drop of Dew (1651-2?).</subfield><subfield code='t'>To his Coy Mistress (c.1645) --</subfield><subfield code='t'>Henry Vaughan (1622-1695).</subfield><subfield code='t'>from Silex Scintillans (1655).</subfield><subfield code='t'>&apos;They are all gone into the world of light!&apos;.</subfield><subfield code='t'>The Night --</subfield><subfield code='t'>Margaret Cavendish, Duchess of Newcastle (1623-1673).</subfield><subfield code='t'>from Poems and Fancies (1653).</subfield><subfield code='t'>Poets have most Pleasure in this Life.</subfield><subfield code='t'>from The Description of a New World, called The Blazing World (1666) --</subfield><subfield code='t'>Dorothy Osborne Temple (1627-1695).</subfield><subfield code='t'>from Letters to William Temple.</subfield><subfield code='t'>Letter 3: 8 January 1653.</subfield><subfield code='t'>Letter 28: 2 July 1653.</subfield><subfield code='t'>Letter 58: 11 February 1654 --</subfield><subfield code='t'>John Bunyan (1628-1688).</subfield><subfield code='t'>from Grace Abounding to the Chief of Sinners (1666) --</subfield><subfield code='t'>Katherine Philips (1631-1664).</subfield><subfield code='t'>from Poems by the most deservedly Admired Mrs. Katherine Philips, the matchless Orinda (1667).</subfield><subfield code='t'>Friendship.</subfield><subfield code='t'>Friendship&apos;s Mystery, To my Dearest Lucasia.</subfield><subfield code='t'>Epitaph On her Son H. P. at St. Syth&apos;s Church where her body also lies Interred.</subfield><subfield code='t'>The Virgin.</subfield><subfield code='t'>Upon the graving of her Name upon a Tree in Barnelmes Walks.</subfield><subfield code='t'>To the truly competent Judge of Honour, Lucasia, upon a scandalous Libel made by J.J.</subfield><subfield code='t'>To Mrs. Wogan, my Honoured Friend, on the Death of her Husband.</subfield><subfield code='t'>Orinda to Lucasia.</subfield><subfield code='t'>Parting with Lucasia, A Song.</subfield><subfield code='t'>To Antenor, on a Paper of mine which J. J. threatens to publish to prejudice him --</subfield><subfield code='t'>John Dryden (1631-1700).</subfield><subfield code='t'>To My Honoured Friend, Dr. Charleton, on his learned and useful Works; and more particularly this of STONE-HENGE, by him Restored to the true Founders (1663).</subfield><subfield code='t'>Mac Flecknoe (1676?).</subfield><subfield code='t'>Absalom and Achitophel: A Poem (1681).</subfield><subfield code='t'>To the Memory of Mr. Oldham (1684).</subfield><subfield code='t'>To the Pious Memory of the Accomplished Young LADY Mrs. Anne Killigrew (1686) An ODE.</subfield><subfield code='t'>A Song for St. Cecilia&apos;s Day (1687).</subfield><subfield code='t'>from Fables Ancient and Modern (1700).</subfield><subfield code='t'>Pygmalion and the Statue --</subfield><subfield code='t'>John Locke (1632-1704).</subfield><subfield code='t'>from An Essay concerning the True Original Extent and End of Civil Government (1690).</subfield><subfield code='t'>from Chapter 1.</subfield><subfield code='t'>from Chapter 2: Of the State of Nature.</subfield><subfield code='t'>from Chapter 4: Of Slavery.</subfield><subfield code='t'>from Chapter 5: Of Property --</subfield><subfield code='t'>Samuel Pepys (1633-1703).</subfield><subfield code='t'>from Diary.</subfield><subfield code='t'>July 1665.</subfield><subfield code='t'>August 1665 --</subfield><subfield code='t'>Aphra Behn (1640-1689).</subfield><subfield code='t'>from Poems upon Several Occasions (1684).</subfield><subfield code='t'>The Golden Age; A Paraphrase on a Translation out of French.</subfield><subfield code='t'>A Farewell to Celladon, On his Going into Ireland.</subfield><subfield code='t'>On a Copy of Verses made in a Dream, and sent to me in a Morning before I was Awake.</subfield><subfield code='t'>To my Lady Morland at Tunbridge.</subfield><subfield code='t'>The Disappointment.</subfield><subfield code='t'>On a Locket of Hair Wove in a Ture-Love&apos;s Knot, Given Me by Sir R. O.</subfield><subfield code='t'>An Ode to Love.</subfield><subfield code='t'>A Letter to a Brother of the Pen in Tribulation.</subfield><subfield code='t'>from Lycidus: or the Lover in Fashion (1688).</subfield><subfield code='t'>To the Fair Clarinda, Who Made Love to Me, Imagined More than Woman.</subfield><subfield code='t'>from Miscellany, Being a Collection of Poems by Several Hands (1685).</subfield><subfield code='t'>Epitaph on the Tombstone of a Child, the Last of Seven that Died before.</subfield><subfield code='t'>Ovid to Julia. A Letter.</subfield><subfield code='t'>Oroonoko: or, the Royal Slave. A True History (1688) --</subfield><subfield code='t'>John Wilmot, Second Earl or Rochester (1647-1680).</subfield><subfield code='t'>from Poems on Several Occasions (1680?).</subfield><subfield code='t'>The Imperfect Enjoyment.</subfield><subfield code='t'>A Satyr against Reason and Mankind.</subfield><subfield code='t'>The Disabled Debaucher.</subfield><subfield code='t'>Lampoon [On the Women about Town].</subfield><subfield code='t'>Signior Dildo.</subfield><subfield code='t'>A Satyr on Charles II.</subfield><subfield code='t'>A Letter from Artemiza in the Town to Chloe in the Country --</subfield><subfield code='t'>Archbishop William King (1650-1729).</subfield><subfield code='t'>from Taxation of Ireland, A.D. 1716. Some observations on the taxes paid by Ireland to support the Government --</subfield><subfield code='t'>Jane Barker (1652-1732).</subfield><subfield code='t'>from Poetical Recreations: Consisting of Original Poems, Songs, Odes, etc. with Several New Translations (1688).</subfield><subfield code='t'>To My Young Lover on His Vow.</subfield><subfield code='t'>Absence for a Time.</subfield><subfield code='t'>Parting with --</subfield><subfield code='t'>Anne Wharton (1659-1685).</subfield><subfield code='t'>from A Collection of Poems by Several Hands (1693).</subfield><subfield code='t'>A Song.</subfield><subfield code='t'>My Fate.</subfield><subfield code='t'>Wit&apos;s Abuse --</subfield><subfield code='t'>Daniel Defoe (1660-1731).</subfield><subfield code='t'>from An Essay upon Projects (1698).</subfield><subfield code='t'>An Academy for Women.</subfield><subfield code='t'>from The True-Born Englishman: A Satire (1700).</subfield><subfield code='t'>Part I.</subfield><subfield code='t'>from Part II.</subfield><subfield code='t'>The Shortest-Way with the Dissenters: Or Proposals for the Establishment of the Church (1702).</subfield><subfield code='t'>A True Relation of the Apparition of one Mrs. Veal, The next Day after Her Death: To One Mrs. Bargrave at Canterbury. The 8th of September, 1705 (1706).</subfield><subfield code='t'>from The London Gazette: Monday 11 January to Thursday 14 January 1702 --</subfield><subfield code='t'>Anne Kingsmill Finch, Countess of Winchilsea (1661-1720).</subfield><subfield code='t'>from Miscellany Poems (1713).</subfield><subfield code='t'>The Introduction.</subfield><subfield code='t'>Life&apos;s Progress.</subfield><subfield code='t'>Adam Posed.</subfield><subfield code='t'>The Petition for an Absolute Retreat.</subfield><subfield code='t'>To the Nightingale.</subfield><subfield code='t'>A Poem for the Birth-day of the Right Honourable the Lady Catharine Tufton.</subfield><subfield code='t'>The Atheist and the Acorn.</subfield><subfield code='t'>The Unequal Fetters.</subfield><subfield code='t'>The Answer (to Pope&apos;s Impromptu).</subfield><subfield code='t'>The Spleen: A Pindaric Poem (1701; revised 1713) --</subfield><subfield code='t'>Delariviere Manley (1663-1724).</subfield><subfield code='t'>from Secret Memoirs and Manners of Several Persons of Quality of Both Sexes. From the New Atalantis, an Island in the Mediterranean (1709) --</subfield><subfield code='t'>Matthew Prior (1664-1721).</subfield><subfield code='t'>from Poems on Several Occasions (1718).</subfield><subfield code='t'>To the Honourable Charles Montagu, Esq.</subfield><subfield code='t'>The Lady&apos;s Looking-Glass.</subfield><subfield code='t'>The Chameleon.</subfield><subfield code='t'>For my own Tomb-stone.</subfield><subfield code='t'>[Jinny the Just] --</subfield><subfield code='t'>Mary Astell (1666-1731).</subfield><subfield code='t'>from A Serious Proposal to the Ladies, for the Advancement of their True and Greatests Interest. By a Lover of her Sex (1694) --</subfield><subfield code='t'>Jonathan Swift (1667-1745).</subfield><subfield code='t'>A Tale of a Tub: Written for the Universal Improvement of Mankind (1704).</subfield></datafield><datafield ind1='8' ind2='0' tag='505'><subfield code='t'>A Modest Proposal for Preventing the Children of Poor People from Being a Burden to Their Parents or the Country, and for Making Them Beneficial to the Public (1729).</subfield><subfield code='t'>A Description of the Morning (1709).</subfield><subfield code='t'>The Lady&apos;s Dressing Room (1732).</subfield><subfield code='t'>A Beautiful Young Nymph Going to Bed. Written for the Honour of the Fair Sex (1734).</subfield><subfield code='t'>A Description of a City Shower (1710).</subfield><subfield code='t'>Stella&apos;s Birth-Day (13 March 1719) --</subfield><subfield code='t'>Sarah Fyge Egerton (1668-1723).</subfield><subfield code='t'>from Poems on Several Occasions (1703).</subfield><subfield code='t'>The Power of Love.</subfield><subfield code='t'>The Emulation --</subfield><subfield code='t'>William Congreve (1670-1729).</subfield><subfield code='t'>The Way of the World (1700) --</subfield><subfield code='t'>Bernard Mandeville (1670-1733).</subfield><subfield code='t'>from A Modest Defence of Public Stews: or, an Essay upon Whoring, as it is now practiced in these Kingdoms ... Written by a Layman (1724) --</subfield><subfield code='t'>Joseph Addison (1672-1719) and Richard Steele (1672-1729).</subfield><subfield code='t'>from the Spectator.</subfield><subfield code='t'>Number 11: Tuesday, March 13, 1711 [Inkle and Yarico].</subfield><subfield code='t'>Number 267: Saturday, January 5, 1712 [The Plot of Paradise Lost].</subfield><subfield code='t'>Number 279: Saturday, January 19, 1712 [The Sentiments and Language of Paradise Lost] --</subfield><subfield code='t'>Isaac Watts (1674-1748).</subfield><subfield code='t'>from Divine Songs Attempted in Easy Language for the Use of Children (1715).</subfield><subfield code='t'>Against Quarrelling and Fighting.</subfield><subfield code='t'>The Sluggard --</subfield><subfield code='t'>Mary Molesworth Monck (1677?-1715).</subfield><subfield code='t'>from Marinda, Poems and Translations upon Several Occasions (1716).</subfield><subfield code='t'>On a Romantic Lady.</subfield><subfield code='t'>from Poems by Eminent Ladies (1755).</subfield><subfield code='t'>Verses Written on her Death-bed at Bath to her Husband in London --</subfield><subfield code='t'>John Gay (1685-1732).</subfield><subfield code='t'>from Poems on Several Occasions (1720).</subfield><subfield code='t'>from Trivia: or, the Art of Walking the Streets of London Book III. Of Walking the Streets by Night.</subfield><subfield code='t'>The Toilette; A Town Eclogue. Lydia.</subfield><subfield code='t'>from Fables (1727).</subfield><subfield code='t'>The Turkey and the Ant.</subfield><subfield code='t'>The Man and the Flea --</subfield><subfield code='t'>Allan Ramsay (1686-1758).</subfield><subfield code='t'>from The Poems of Allan Ramsay (1800).</subfield><subfield code='t'>Polwart on the Green (1721).</subfield><subfield code='t'>Give Me a Lass with a Lump of Land (1721) --</subfield><subfield code='t'>Alexander Pope (1688-1744).</subfield><subfield code='t'>The RAPE of the LOCK. An Heroi-Comical Poem (1714).</subfield><subfield code='t'>from The Dunciad Variorum (1729).</subfield><subfield code='t'>Martinus Scriblerus, of the Poem.</subfield><subfield code='t'>Dunciados Periocha: or, Arguments to the Books.</subfield><subfield code='t'>The Dunciad: Book the First.</subfield><subfield code='t'>Of the Characters of Women: An Epistle to a Lady (1735).</subfield><subfield code='t'>from The New Dunciad: as it was Found in the Year 1741 (1742).</subfield><subfield code='t'>To the Reader.</subfield><subfield code='t'>The Argument: Book the Fourth.</subfield><subfield code='t'>from Letters.</subfield><subfield code='t'>To Lady Mary Wortley Montagu (1 September 1718) --</subfield><subfield code='t'>Lady Mary Wortley Montagu (1689-1762).</subfield><subfield code='t'>from LETTERS Of the Right Honourable Lady M-y W-y M-u: Written, during her Travels in EUROPE, ASIA and AFRICA, TO Persons of Distinction, Men of Letters, &amp;c. in different Parts of Europe. WHICH CONTAIN, Among other CURIOUS Relations, Accounts of the POLICY and MANNERS of the TURKS; Drawn from Sources that have been inaccessible to other Travellers.</subfield><subfield code='t'>To the Lady X -- .</subfield><subfield code='t'>To the Lady -- .</subfield><subfield code='t'>[To Lady Mar].</subfield><subfield code='t'>To Mr. [Alexander] Pope.</subfield><subfield code='t'>To Mr. [Alexander] P[ope].</subfield><subfield code='t'>The Lover (1721-5).</subfield><subfield code='t'>The Reasons that Induced Dr. S[wift] to Write a Poem Called the Lady&apos;s Dressing Room (1732-4).</subfield><subfield code='t'>To the Memory of Mr. Congreve (1729?).</subfield><subfield code='t'>[A Summary of Lord Lyttelton&apos;s advice to a Lady] (1731-3) --</subfield><subfield code='t'>Mary Barber (1690-1757).</subfield><subfield code='t'>from Poems on Several Occasions (1754).</subfield><subfield code='t'>The Conclusion of a Letter to the Rev. Mr. C.</subfield><subfield code='t'>A Letter for my Son to one of his School-fellows, Son to Henry Rose, Esq. --</subfield><subfield code='t'>Eliza Fowler Haywood (1693-1756).</subfield><subfield code='t'>Fantomina: Or, Love in Maze (1724) --</subfield><subfield code='t'>Trials at the Old Bailey (1722-1727).</subfield><subfield code='t'>from Select TRIALS at the Sessions House in the Old Bailey (1742).</subfield><subfield code='t'>H -- J -- , for a Rape, 1722.</subfield><subfield code='t'>Gabriel Lawrence, for Sodomy, April, 1726.</subfield><subfield code='t'>Mary Picart, Alias Gandon, for Bigamy, June, 1725.</subfield><subfield code='t'>Richard Savage, James Gregory, and William Merchant, for Murder, Thursday, Dec. 7, 1727 --</subfield><subfield code='t'>James Thomson (1700-1748).</subfield><subfield code='t'>Winter. A Poem (1726) --</subfield><subfield code='t'>Stephen Duck (1705-1756).</subfield><subfield code='t'>from Poems on Several Subjects (1730).</subfield><subfield code='t'>from The Theresher&apos;s Labour --</subfield><subfield code='t'>Mary Jones (d. 1778).</subfield><subfield code='t'>from Miscellanies in Prose and Verse (1750).</subfield><subfield code='t'>Soliloquy, on an Empty Purse.</subfield><subfield code='t'>After the Small Pox.</subfield><subfield code='t'>Her Epitaph --</subfield><subfield code='t'>Samuel Johnson (1709-1784).</subfield><subfield code='t'>from The Life of Mr. Richard Savage, Son of the Earl of Rivers (1744).</subfield><subfield code='t'>The Vanity of Human Wishes (1749).</subfield><subfield code='t'>from the Rambler.</subfield><subfield code='t'>Number 2: Saturday, 24, March 1750.</subfield><subfield code='t'>from the Preface to A Dictionary of the English Language (1755).</subfield><subfield code='t'>The History of Rasselas, Prince of Abyssinia (1759).</subfield><subfield code='t'>from the Preface to The Plays of Williams Shakespeare (1765).</subfield><subfield code='t'>from The Lives of the Most Eminent English Poets (1781) --</subfield><subfield code='t'>Mary Collier (fl. 1740-1760).</subfield><subfield code='t'>The Women&apos;s Labour: (1739) An Epistle to Mr. Stephen Duck: In Answer to his late Poem, called The Thesher&apos;s Labour ... --</subfield><subfield code='t'>Jane Collier (d. 1755).</subfield><subfield code='t'>from an Essay on the Art of Ingeniously Tormenting; with Proper Rules for the Exercise of that Pleasant Art (1753) --</subfield><subfield code='t'>David Hume (1711-1776).</subfield><subfield code='t'>from Essays Moral and Political (1742).</subfield><subfield code='t'>Of the Liberty of the Press.</subfield><subfield code='t'>from Essays and Treatises on Several Subjects (1777).</subfield><subfield code='t'>My Own Life --</subfield><subfield code='t'>Thomas Gary (1716-1771).</subfield><subfield code='t'>Letter to Richard West (1741).</subfield><subfield code='t'>Sonnet: [on the Death of Mr Richard West] (1742).</subfield><subfield code='t'>Ode on the Death of a Favorite Cat (1748).</subfield><subfield code='t'>An Elegy Wrote in a Country Church Yard (1751).</subfield><subfield code='t'>The Progress of Poesy: A Pindaric Ode (1768) --</subfield><subfield code='t'>Horace Walpole (1717-1797).</subfield><subfield code='t'>Letter to Richard West (1740).</subfield><subfield code='t'>Letter to Hannah More (1789) --</subfield><subfield code='t'>Elizabeth Carter (1717-1806).</subfield><subfield code='t'>Ode to Melancholy (1739).</subfield><subfield code='t'>To Miss Lynch (1744).</subfield><subfield code='t'>On the Indulgence of Fancy (1770) --</subfield><subfield code='t'>William Collins (1721-1759).</subfield><subfield code='t'>from Odes on Several Descriptive and Allegoric Subjects (1747).</subfield><subfield code='t'>Ode to Fear.</subfield><subfield code='t'>Ode on the Poetical Character.</subfield><subfield code='t'>from A Collection of Poems by Several Hands (1748).</subfield><subfield code='t'>Ode to Evening --</subfield><subfield code='t'>Mary Leapor (1722-1746).</subfield><subfield code='t'>from Poems on Several Occasions (1748).</subfield><subfield code='t'>The Month of August.</subfield><subfield code='t'>An Epistle to a Lady.</subfield><subfield code='t'>Mira&apos;s Will.</subfield><subfield code='t'>from Poems on Several Occasions (1751).</subfield><subfield code='t'>An Essay on Woman.</subfield><subfield code='t'>Crumble-Hall.</subfield><subfield code='t'>Man the Monarch --</subfield><subfield code='t'>Christopher Smart (1722-1771).</subfield><subfield code='t'>from Jubilate Agno (c.1758-63).</subfield><subfield code='t'>from Fragment A (c.1758-9).</subfield><subfield code='t'>from Fragment B (1759-60) --</subfield><subfield code='t'>Joshua Reynolds (1723-1792).</subfield><subfield code='t'>from Discourse 14: Delivered to the Students of the Royal Academy, on the Distribution of the Prizes, 10 December 1788.</subfield><subfield code='t'>[The Ironical Discourse] (1791).</subfield><subfield code='t'>Sir Joshua&apos;s Preface.</subfield><subfield code='t'>The Discourse --</subfield><subfield code='t'>Edmund Burke (1729-1797).</subfield><subfield code='t'>from A Philosophical Inquiry into the Origin of our Ideas of the Sublime and the Beautiful (1757).</subfield><subfield code='t'>Part 2, Section 1. Of the Passion caused by the SUBLIME.</subfield><subfield code='t'>from Reflections on the Revolution in France, and on the Proceedings in Certain Societies in London Relative to that Event In a Letter Intended to have been sent to a Gentleman in Paris (1790) --</subfield><subfield code='t'>Oliver Goldsmith (1730?-1774).</subfield><subfield code='t'>The Revolution in Low Life (1762).</subfield><subfield code='t'>The Deserted Village, A Poem (1770) --</subfield><subfield code='t'>William Cowper (1731-1800).</subfield><subfield code='t'>On a Goldfinch Starved to Death in his Cage (1782).</subfield><subfield code='t'>Epitaph on an Hare (1784).</subfield><subfield code='t'>To the Immortal Memory of the Halibut on which I Dined this Day (1784).</subfield><subfield code='t'>The Negro&apos;s Complaint (1789).</subfield><subfield code='t'>On a Spaniel Called Beau Killing a Young Bird (1793).</subfield><subfield code='t'>Beau&apos;s Reply.</subfield><subfield code='t'>On The Ice Islands Seen floating in the German Ocean (1799).</subfield><subfield code='t'>The Castaway (1799) --</subfield><subfield code='t'>James Macpherson (1736-1796).</subfield><subfield code='t'>from Fingal, an Ancient Epic Poem in Six Books, together with Several other Poems composed by Ossian, the Son of Fingal, translated from the Gaelic Language (1762) --</subfield><subfield code='t'>Edward Gibbon (1737-1794).</subfield><subfield code='t'>from The Decline and Fall of the Roman Empire (1781).</subfield><subfield code='t'>from Volume II, Chapter 23 --</subfield><subfield code='t'>Thomas Paine (1737-1809).</subfield><subfield code='t'>from Common Sense (1776).</subfield><subfield code='t'>from The American Crisis (1777).</subfield><subfield code='t'>from The Rights of Man: being an Answer to Mr. Burke&apos;s Attack on the French Revolution (1791) --</subfield><subfield code='t'>James Boswell (1740-1795).</subfield><subfield code='t'>from The Life of Dr. Samuel Johnson, LL.D. (1791) --</subfield><subfield code='t'>Hester Lynch Thrale Piozzi (1741-1821).</subfield><subfield code='t'>from Anecdotes of the Late Samuel Johnson LL.D. during the Last Twenty Years of his Life (1786).</subfield><subfield code='t'>from Correspondence with Samuel Johnson (1773-5) --</subfield><subfield code='t'>Anna Laetitia Aiken Barbauld (1743-1825).</subfield><subfield code='t'>from Poems (1792).</subfield><subfield code='t'>The Mouse&apos;s Petition.</subfield><subfield code='t'>Verses Written in an Alcove.</subfield><subfield code='t'>from the Monthly Magazine (1797).</subfield><subfield code='t'>Washing-Day --</subfield><subfield code='t'>Olaudah Equiano (1745?-1797).</subfield><subfield code='t'>from The Interesting Narrative of the Life of Olaudah Equiano, or Gustavus Vassa, theo African (1789) --</subfield><subfield code='t'>Hannah More (1745-1833).</subfield><subfield code='t'>from Sensibility (1782).</subfield><subfield code='t'>from The Slave Trade (1790) --</subfield><subfield code='t'>Charlotte Smith (1749-1806).</subfield><subfield code='t'>from Elegiac Sonnets and Other Poems (1784; revised 1800).</subfield></datafield><datafield ind1='8' ind2='0' tag='505'><subfield code='t'>To Hope.</subfield><subfield code='t'>To Friendship.</subfield><subfield code='t'>The Laplander.</subfield><subfield code='t'>Written Near a Port on a Dark Evening --</subfield><subfield code='t'>Thomas Chatterton (1752-1770).</subfield><subfield code='t'>from Poems, Supposed to have been Written at Bristol, By Thomas Rowley, and Others, in the Fifteenth Century (1777).</subfield><subfield code='t'>An Excelente Balade of Charitie: As wroten bie the gode Prieste Thomas Rowley, 1464 --</subfield><subfield code='t'>Frances Burney (later d&apos;Arblay) (1752-1840).</subfield><subfield code='t'>from Journals and Letters.</subfield><subfield code='t'>27-8 March 1777.</subfield><subfield code='t'>22 March 1812 --</subfield><subfield code='t'>George Crabbe (1754-1832).</subfield><subfield code='t'>from The Village: A Poem in Two Books (1783) --</subfield><subfield code='t'>Ann Cromartie Yearsley (1756-1806).</subfield><subfield code='t'>from Poems on Several Occasions (1785).</subfield><subfield code='t'>On Mrs. Montagu.</subfield><subfield code='t'>from Poems on Various Subjects (1787).</subfield><subfield code='t'>To Indifference.</subfield><subfield code='t'>To those who accuse the Author of Ingratitude --</subfield><subfield code='t'>William Blake (1757-1827).</subfield><subfield code='t'>from Songs of Innocence (1789).</subfield><subfield code='t'>Introduction.</subfield><subfield code='t'>The Lamb.</subfield><subfield code='t'>The Little Black Boy.</subfield><subfield code='t'>The Chimney Sweeper.</subfield><subfield code='t'>Holy Thursday.</subfield><subfield code='t'>Infant Joy.</subfield><subfield code='t'>from Songs of Experience (1794).</subfield><subfield code='t'>Introduction.</subfield><subfield code='t'>Holy Thursday.</subfield><subfield code='t'>The Chimney Sweeper.</subfield><subfield code='t'>The Tyger.</subfield><subfield code='t'>Ah! Sun-Flower --</subfield><subfield code='t'>Robert Burns (1759-1796).</subfield><subfield code='t'>from Poems, Chiefly in the Scottish Dialect (1786).</subfield><subfield code='t'>Epistle to Davie, a Brother Poet.</subfield><subfield code='t'>To a Mouse, on Turning her up in her Nest, with the Plough, November 1785.</subfield><subfield code='t'>Address to the Deil --</subfield><subfield code='t'>Mary Wollstonecraft Godwin (1759-1797).</subfield><subfield code='t'>from A Vindication of the Rights of Men, in a Letter to the Right Honourable Edmund Burke; occasioned by his Reflections on the Revolution in France (1790).</subfield></datafield><datafield ind1=' ' ind2=' ' tag='520'><subfield code='a'>Bridging the period from the English Civil War to the French Revolution, and covering a wide variety of genres, this anthology aims to represent the era in a way that would have been recognisable to the people who lived at the time.</subfield></datafield><datafield ind1=' ' ind2='0' tag='650'><subfield code='a'>English literature</subfield><subfield code='y'>18th century</subfield></datafield><datafield ind1=' ' ind2='0' tag='650'><subfield code='a'>English literature</subfield><subfield code='y'>Early modern, 1500-1700</subfield></datafield><datafield ind1=' ' ind2='0' tag='651'><subfield code='a'>Great Britain</subfield><subfield code='v'>Literary collections</subfield></datafield><datafield ind1=' ' ind2='7' tag='655'><subfield code='a'>Literary collections</subfield><subfield code='2'>fast</subfield></datafield><datafield ind1=' ' ind2='7' tag='655'><subfield code='a'>Poetry</subfield><subfield code='2'>lcgft</subfield></datafield><datafield ind1=' ' ind2='7' tag='655'><subfield code='a'>Fiction</subfield><subfield code='2'>lcgft</subfield></datafield><datafield ind1=' ' ind2='7' tag='655'><subfield code='a'>Drama</subfield><subfield code='2'>lcgft</subfield></datafield><datafield ind1=' ' ind2='7' tag='655'><subfield code='a'>Essays</subfield><subfield code='2'>lcgft</subfield></datafield><datafield ind1=' ' ind2='7' tag='655'><subfield code='a'>Personal correspondence</subfield><subfield code='2'>lcgft</subfield></datafield><datafield ind1=' ' ind2='7' tag='655'><subfield code='a'>Literature</subfield><subfield code='2'>lcgft</subfield></datafield><datafield ind1=' ' ind2='7' tag='648'><subfield code='a'>1500-1799</subfield><subfield code='2'>fast</subfield></datafield><datafield ind1=' ' ind2='7' tag='648'><subfield code='a'>Geschichte 1640-1789.</subfield><subfield code='2'>swd</subfield></datafield><datafield ind1='1' ind2=' ' tag='700'><subfield code='a'>DeMaria, Robert,</subfield><subfield code='c'>Jr.,</subfield><subfield code='d'>1948-</subfield></datafield><datafield ind1=' ' ind2='0' tag='830'><subfield code='a'>Blackwell anthologies</subfield></datafield><datafield ind1='1' ind2=' ' tag='583'><subfield code='a'>committed to retain</subfield><subfield code='c'>20181001</subfield><subfield code='d'>in perpetuity</subfield><subfield code='f'>ReCAP Shared Collection</subfield><subfield code='5'>HUL</subfield><subfield code='8'>222059443240003941</subfield></datafield><datafield ind1='0' ind2=' ' tag='852'><subfield code='c'>HD</subfield><subfield code='h'>PR1134</subfield><subfield code='i'>.B74 2001</subfield><subfield code='0'>12608275</subfield><subfield code='b'>scsbhl</subfield></datafield><datafield ind1=' ' ind2=' ' tag='876'><subfield code='0'>12608275</subfield><subfield code='a'>18391631</subfield><subfield code='h'> </subfield><subfield code='j'>Available</subfield><subfield code='k'>WID</subfield><subfield code='p'>32044094484573</subfield><subfield code='x'>Shared</subfield><subfield code='z'>HW</subfield><subfield code='l'>HD</subfield></datafield></record>