
<record><leader>00441nam a2200157u  4500</leader><controlfield tag='001'>SCSB-12562123</controlfield><controlfield tag='005'>20020606093309.7</controlfield><controlfield tag='008'>930803s1937    nyu           000 0 eng d</controlfield><controlfield tag='009'>990032870780203941</controlfield><datafield ind1=' ' ind2=' ' tag='035'><subfield code='a'>(OCoLC)21199888</subfield></datafield><datafield ind1=' ' ind2=' ' tag='040'><subfield code='a'>HLS</subfield><subfield code='c'>HLS</subfield></datafield><datafield ind1=' ' ind2='4' tag='050'><subfield code='a'>PZ8.1.H318</subfield><subfield code='b'>Wo 1900</subfield></datafield><datafield ind1='1' ind2=' ' tag='100'><subfield code='a'>Hawthorne, Nathaniel,</subfield><subfield code='d'>1804-1864</subfield></datafield><datafield ind1='1' ind2='2' tag='245'><subfield code='a'>A wonder book and tanglewood tales.</subfield></datafield><datafield ind1=' ' ind2=' ' tag='260'><subfield code='a'>New York,</subfield><subfield code='b'>Grosset &amp; Dunlap</subfield><subfield code='c'>[1937]</subfield></datafield><datafield ind1=' ' ind2=' ' tag='300'><subfield code='a'>437 p.</subfield></datafield><datafield ind1=' ' ind2='0' tag='650'><subfield code='a'>Mythology, Classical</subfield></datafield><datafield ind1='1' ind2=' ' tag='583'><subfield code='a'>committed to retain</subfield><subfield code='c'>20181001</subfield><subfield code='d'>in perpetuity</subfield><subfield code='f'>ReCAP Shared Collection</subfield><subfield code='5'>HUL</subfield><subfield code='8'>221880895270003941</subfield></datafield><datafield ind1='7' ind2=' ' tag='852'><subfield code='2'>ZHCL</subfield><subfield code='c'>HD</subfield><subfield code='h'>KE 5176</subfield><subfield code='0'>13403596</subfield><subfield code='b'>scsbhl</subfield></datafield><datafield ind1=' ' ind2=' ' tag='876'><subfield code='0'>13403596</subfield><subfield code='a'>19218313</subfield><subfield code='h'> </subfield><subfield code='j'>Available</subfield><subfield code='k'>WID</subfield><subfield code='p'>HW1YHF</subfield><subfield code='x'>Shared</subfield><subfield code='z'>HW</subfield><subfield code='l'>HD</subfield></datafield></record>