
<record><leader>00792nam a2200229u  4500</leader><controlfield tag='001'>SCSB-8211112</controlfield><controlfield tag='003'>OCoLC</controlfield><controlfield tag='005'>20000629190100.0</controlfield><controlfield tag='008'>970617s1889    mauf          000 1 eng d</controlfield><controlfield tag='009'>.b13144654x</controlfield><datafield ind1=' ' ind2=' ' tag='040'><subfield code='a'>NYP</subfield><subfield code='c'>NYP</subfield><subfield code='d'>WaOLN</subfield></datafield><datafield ind1=' ' ind2=' ' tag='049'><subfield code='a'>NYPG</subfield></datafield><datafield ind1='1' ind2=' ' tag='100'><subfield code='a'>Hawthorne, Nathaniel,</subfield><subfield code='d'>1804-1864.</subfield></datafield><datafield ind1='1' ind2='2' tag='245'><subfield code='a'>A wonder-book, Tanglewood tales, and Grandfather&apos;s chair.</subfield></datafield><datafield ind1=' ' ind2=' ' tag='260'><subfield code='a'>Boston,</subfield><subfield code='b'>Houghton, Mifflin &amp; Co.,</subfield><subfield code='c'>1889.</subfield></datafield><datafield ind1=' ' ind2=' ' tag='300'><subfield code='a'>vi, 1 ℓ., (1) 10-637 p., 1 pl.</subfield><subfield code='c'>12mo.</subfield></datafield><datafield ind1='1' ind2=' ' tag='590'><subfield code='a'>Gift of Miss M.W. Bruce.</subfield></datafield><datafield ind1=' ' ind2='0' tag='650'><subfield code='a'>American fiction.</subfield></datafield><datafield ind1=' ' ind2=' ' tag='907'><subfield code='a'>.b13144654x</subfield><subfield code='c'>m</subfield><subfield code='d'>a</subfield><subfield code='e'>-</subfield><subfield code='f'>eng</subfield><subfield code='g'>mau</subfield><subfield code='h'>2</subfield><subfield code='i'>1</subfield></datafield><datafield ind1=' ' ind2=' ' tag='035'><subfield code='a'>(OCoLC)37137298</subfield></datafield><datafield ind1='8' ind2=' ' tag='852'><subfield code='h'>NBO (Hawthorne, N. Wonder-book)</subfield><subfield code='0'>8361707</subfield><subfield code='b'>scsbnypl</subfield></datafield><datafield ind1=' ' ind2=' ' tag='876'><subfield code='0'>8361707</subfield><subfield code='a'>13725776</subfield><subfield code='h'>Supervised Use</subfield><subfield code='j'>Available</subfield><subfield code='p'>33433112900141</subfield><subfield code='t'>1</subfield><subfield code='x'>Shared</subfield><subfield code='z'>NA</subfield><subfield code='l'>RECAP</subfield></datafield></record>