
<record><leader>01104cam a2200313   4500</leader><controlfield tag='001'>SCSB-3753996</controlfield><controlfield tag='003'>NNC</controlfield><controlfield tag='005'>20220616041509.0</controlfield><controlfield tag='008'>790607s1907    enk           000 0 eng c</controlfield><controlfield tag='009'>2410817</controlfield><datafield ind1=' ' ind2=' ' tag='010'><subfield code='a'>a  11000765 </subfield></datafield><datafield ind1=' ' ind2=' ' tag='035'><subfield code='a'>(OCoLC)ocm05046398</subfield></datafield><datafield ind1=' ' ind2=' ' tag='035'><subfield code='9'>APV4396CU</subfield></datafield><datafield ind1=' ' ind2=' ' tag='035'><subfield code='a'>(NNC)2410817</subfield></datafield><datafield ind1=' ' ind2=' ' tag='035'><subfield code='a'>2410817</subfield></datafield><datafield ind1=' ' ind2=' ' tag='040'><subfield code='a'>Enoch Pratt Free Libr.</subfield><subfield code='c'>CLE</subfield><subfield code='d'>ZCU</subfield></datafield><datafield ind1=' ' ind2=' ' tag='099'><subfield code='a'>808;EJ</subfield><subfield code='a'>H31w</subfield></datafield><datafield ind1='1' ind2=' ' tag='100'><subfield code='a'>Hawthorne, Nathaniel,</subfield><subfield code='d'>1804-1864.</subfield><subfield code='0'>http://id.loc.gov/authorities/names/n79007728</subfield></datafield><datafield ind1='1' ind2='2' tag='245'><subfield code='a'>A wonder book :</subfield><subfield code='b'>and Tanglewood tales /</subfield><subfield code='c'>by Nathaniel Hawthorne.</subfield></datafield><datafield ind1=' ' ind2=' ' tag='260'><subfield code='a'>London :</subfield><subfield code='b'>J.M. Dent &amp; co.;</subfield><subfield code='a'>New York :</subfield><subfield code='b'>E.P. Dutton &amp; co.,</subfield><subfield code='c'>[1907]</subfield></datafield><datafield ind1=' ' ind2=' ' tag='300'><subfield code='a'>404 pages ;</subfield><subfield code='c'>18 cm.</subfield></datafield><datafield ind1=' ' ind2=' ' tag='336'><subfield code='a'>text</subfield><subfield code='b'>txt</subfield><subfield code='2'>rdacontent</subfield></datafield><datafield ind1=' ' ind2=' ' tag='337'><subfield code='a'>unmediated</subfield><subfield code='b'>n</subfield><subfield code='2'>rdamedia</subfield></datafield><datafield ind1='1' ind2=' ' tag='490'><subfield code='a'>Everyman&apos;s library. For young people</subfield></datafield><datafield ind1=' ' ind2=' ' tag='500'><subfield code='a'>Title within ornamental border; illus. end-papers.</subfield></datafield><datafield ind1=' ' ind2=' ' tag='500'><subfield code='a'>&quot;First edition, February 1906; second edition, April 1906; third edition, July 1907.&quot;</subfield></datafield><datafield ind1=' ' ind2=' ' tag='504'><subfield code='a'>Bibliography: p. [8]</subfield></datafield><datafield ind1=' ' ind2='0' tag='830'><subfield code='a'>Everyman&apos;s library.</subfield><subfield code='p'>For young people.</subfield></datafield><datafield ind1='8' ind2='1' tag='852'><subfield code='h'>808 EJ H31w</subfield><subfield code='0'>3764554</subfield><subfield code='b'>scsbcul</subfield></datafield><datafield ind1='0' ind2='0' tag='866'><subfield code='a'>1909 imprint.</subfield><subfield code='0'>3764554</subfield></datafield><datafield ind1=' ' ind2=' ' tag='876'><subfield code='0'>3764554</subfield><subfield code='a'>5564094</subfield><subfield code='h'> </subfield><subfield code='j'>Available</subfield><subfield code='p'>CU58257527</subfield><subfield code='t'>1</subfield><subfield code='x'>Shared</subfield><subfield code='z'>CU</subfield><subfield code='l'>RECAP</subfield></datafield></record>