
<record><leader>00555nam a2200181u  4500</leader><controlfield tag='001'>SCSB-12811298</controlfield><controlfield tag='005'>20020606093309.7</controlfield><controlfield tag='008'>930804s1880    mau           000 0 eng d</controlfield><controlfield tag='009'>990032907310203941</controlfield><datafield ind1=' ' ind2=' ' tag='035'><subfield code='a'>(OCoLC)236059030</subfield></datafield><datafield ind1=' ' ind2=' ' tag='040'><subfield code='a'>HLS</subfield><subfield code='c'>HLS</subfield></datafield><datafield ind1='1' ind2=' ' tag='100'><subfield code='a'>Hawthorne, Nathaniel,</subfield><subfield code='d'>1804-1864</subfield></datafield><datafield ind1='1' ind2='0' tag='245'><subfield code='a'>Tanglewood tales, for girls and boys;</subfield><subfield code='b'>being a second Wonder-book.</subfield></datafield><datafield ind1=' ' ind2=' ' tag='260'><subfield code='a'>Boston,</subfield><subfield code='b'>Houghton, Mifflin,</subfield><subfield code='c'>1880.</subfield></datafield><datafield ind1=' ' ind2=' ' tag='300'><subfield code='a'>243 p.</subfield></datafield><datafield ind1='1' ind2=' ' tag='490'><subfield code='a'>His works</subfield></datafield><datafield ind1='0' ind2='8' tag='776'><subfield code='i'>Online version:</subfield><subfield code='a'>Hawthorne, Nathaniel, 1804-1864.</subfield><subfield code='t'>Tanglewood tales, for girls and boys.</subfield><subfield code='d'>Boston, Houghton, Mifflin, 1880</subfield><subfield code='w'>(OCoLC)894208380</subfield></datafield><datafield ind1='1' ind2=' ' tag='800'><subfield code='a'>Hawthorne, Nathaniel,</subfield><subfield code='d'>1804-1864.</subfield><subfield code='t'>Works.</subfield></datafield><datafield ind1='1' ind2=' ' tag='583'><subfield code='a'>committed to retain</subfield><subfield code='c'>20181001</subfield><subfield code='d'>in perpetuity</subfield><subfield code='f'>ReCAP Shared Collection</subfield><subfield code='5'>HUL</subfield><subfield code='8'>221881261140003941</subfield></datafield><datafield ind1='7' ind2=' ' tag='852'><subfield code='2'>ZHCL</subfield><subfield code='c'>HD</subfield><subfield code='h'>KC 17689</subfield><subfield code='0'>13660055</subfield><subfield code='b'>scsbhl</subfield></datafield><datafield ind1=' ' ind2=' ' tag='876'><subfield code='0'>13660055</subfield><subfield code='a'>19485612</subfield><subfield code='h'> </subfield><subfield code='j'>Available</subfield><subfield code='k'>WID</subfield><subfield code='p'>HN66L5</subfield><subfield code='x'>Shared</subfield><subfield code='z'>HW</subfield><subfield code='l'>HD</subfield></datafield></record>