
<record><leader>00526nam a2200169u  4500</leader><controlfield tag='001'>SCSB-10689957</controlfield><controlfield tag='005'>20020606093309.7</controlfield><controlfield tag='008'>930804q18001899pau           000 0 eng d</controlfield><controlfield tag='009'>990032910660203941</controlfield><datafield ind1=' ' ind2=' ' tag='035'><subfield code='a'>(OCoLC)83282101</subfield></datafield><datafield ind1=' ' ind2=' ' tag='040'><subfield code='a'>HLS</subfield><subfield code='c'>HLS</subfield></datafield><datafield ind1='1' ind2=' ' tag='100'><subfield code='a'>Hawthorne, Nathaniel,</subfield><subfield code='d'>1804-1864</subfield></datafield><datafield ind1='1' ind2='0' tag='245'><subfield code='a'>Tanglewood tales for young and old;</subfield><subfield code='b'>being a second wonder-book.</subfield></datafield><datafield ind1=' ' ind2=' ' tag='250'><subfield code='a'>Complete ed.</subfield></datafield><datafield ind1=' ' ind2=' ' tag='260'><subfield code='a'>Philadelphia,</subfield><subfield code='b'>The Rodgers co.</subfield><subfield code='c'>[18-?]</subfield></datafield><datafield ind1=' ' ind2=' ' tag='500'><subfield code='a'>Half-title: Choice literature.</subfield></datafield><datafield ind1=' ' ind2='0' tag='650'><subfield code='a'>Mythology, Classical</subfield><subfield code='v'>Juvenile literature</subfield></datafield><datafield ind1='1' ind2=' ' tag='583'><subfield code='a'>committed to retain</subfield><subfield code='c'>20181001</subfield><subfield code='d'>in perpetuity</subfield><subfield code='f'>ReCAP Shared Collection</subfield><subfield code='5'>HUL</subfield><subfield code='8'>221881150460003941</subfield></datafield><datafield ind1='7' ind2=' ' tag='852'><subfield code='2'>ZHCL</subfield><subfield code='c'>HD</subfield><subfield code='h'>KC 5936</subfield><subfield code='0'>11476774</subfield><subfield code='b'>scsbhl</subfield></datafield><datafield ind1=' ' ind2=' ' tag='876'><subfield code='0'>11476774</subfield><subfield code='a'>17216115</subfield><subfield code='h'> </subfield><subfield code='j'>Available</subfield><subfield code='k'>WID</subfield><subfield code='p'>HN6P1M</subfield><subfield code='x'>Shared</subfield><subfield code='z'>HW</subfield><subfield code='l'>HD</subfield></datafield></record>