
<record><leader>00481nam a2200157u  4500</leader><controlfield tag='001'>SCSB-12997863</controlfield><controlfield tag='005'>20020606093309.7</controlfield><controlfield tag='008'>930804q18801889nju           000 0 eng d</controlfield><controlfield tag='009'>990032907280203941</controlfield><datafield ind1=' ' ind2=' ' tag='035'><subfield code='a'>(OCoLC)12037033</subfield></datafield><datafield ind1=' ' ind2=' ' tag='040'><subfield code='a'>HLS</subfield><subfield code='c'>HLS</subfield></datafield><datafield ind1=' ' ind2='4' tag='050'><subfield code='a'>PS1869</subfield><subfield code='b'>.A1 19--?</subfield></datafield><datafield ind1='1' ind2=' ' tag='100'><subfield code='a'>Hawthorne, Nathaniel,</subfield><subfield code='d'>1804-1864</subfield></datafield><datafield ind1='1' ind2='0' tag='245'><subfield code='a'>Tanglewood tales for boys and girls;</subfield><subfield code='b'>being a second wonder book.</subfield></datafield><datafield ind1=' ' ind2=' ' tag='260'><subfield code='a'>Rahway, N.J., etc.,</subfield><subfield code='b'>The Mershon co.</subfield><subfield code='c'>[188-?]</subfield></datafield><datafield ind1=' ' ind2=' ' tag='300'><subfield code='a'>243 p.</subfield></datafield><datafield ind1='0' ind2='8' tag='776'><subfield code='i'>Online version:</subfield><subfield code='a'>Hawthorne, Nathaniel, 1804-1864.</subfield><subfield code='t'>Tanglewood tales for boys and girls.</subfield><subfield code='d'>Rahway, N.J. : Mershon, [19--?]</subfield><subfield code='w'>(OCoLC)1145118694</subfield></datafield><datafield ind1='1' ind2=' ' tag='583'><subfield code='a'>committed to retain</subfield><subfield code='c'>20181001</subfield><subfield code='d'>in perpetuity</subfield><subfield code='f'>ReCAP Shared Collection</subfield><subfield code='5'>HUL</subfield><subfield code='8'>222285732010003941</subfield></datafield><datafield ind1='7' ind2=' ' tag='852'><subfield code='2'>ZHCL</subfield><subfield code='c'>RD</subfield><subfield code='h'> KD 20164 </subfield><subfield code='0'>13854044</subfield><subfield code='b'>scsbhl</subfield></datafield><datafield ind1=' ' ind2=' ' tag='876'><subfield code='0'>13854044</subfield><subfield code='a'>19783929</subfield><subfield code='h'> </subfield><subfield code='j'>Available</subfield><subfield code='k'>WID</subfield><subfield code='p'>HN3KB3</subfield><subfield code='x'>Shared</subfield><subfield code='z'>HV</subfield><subfield code='l'>RECAP</subfield></datafield></record>