
<record><leader>01105cam a2200313 a 4500</leader><controlfield tag='001'>SCSB-13524936</controlfield><controlfield tag='005'>20020606093309.7</controlfield><controlfield tag='008'>950223s1995    vau      b    001 0deng  </controlfield><controlfield tag='009'>990027834050203941</controlfield><datafield ind1=' ' ind2=' ' tag='010'><subfield code='a'>^^^95007636^//r95</subfield></datafield><datafield ind1=' ' ind2=' ' tag='020'><subfield code='a'>0813916135 (alk. paper)</subfield></datafield><datafield ind1=' ' ind2=' ' tag='020'><subfield code='a'>0911020268 (pbk.)</subfield></datafield><datafield ind1=' ' ind2=' ' tag='035'><subfield code='a'>(OCoLC)32167825</subfield><subfield code='z'>(OCoLC)40051483</subfield><subfield code='z'>(OCoLC)246786174</subfield><subfield code='z'>(OCoLC)832598241</subfield><subfield code='z'>(OCoLC)1176460751</subfield><subfield code='z'>(OCoLC)1179405361</subfield></datafield><datafield ind1=' ' ind2=' ' tag='040'><subfield code='a'>DLC</subfield><subfield code='c'>DLC</subfield><subfield code='d'>DLC</subfield></datafield><datafield ind1=' ' ind2=' ' tag='043'><subfield code='a'>n-us---</subfield></datafield><datafield ind1='0' ind2='0' tag='050'><subfield code='a'>PS847.S4</subfield><subfield code='b'>A17 1995</subfield></datafield><datafield ind1='0' ind2='0' tag='082'><subfield code='a'>974.9 s</subfield><subfield code='a'>811/.1</subfield><subfield code='2'>20</subfield></datafield><datafield ind1='0' ind2='0' tag='082'><subfield code='a'>811/.1</subfield><subfield code='2'>20</subfield></datafield><datafield ind1='1' ind2=' ' tag='100'><subfield code='a'>Stockton, Annis Boudinot,</subfield><subfield code='d'>1736-1801</subfield></datafield><datafield ind1='1' ind2='0' tag='245'><subfield code='a'>Only for the eye of a friend :</subfield><subfield code='b'>the poems of Annis Boudinot Stockton /</subfield><subfield code='c'>edited with an introduction by Carla Mulford.</subfield></datafield><datafield ind1=' ' ind2=' ' tag='260'><subfield code='a'>Charlottesville :</subfield><subfield code='b'>University Press of Virginia,</subfield><subfield code='c'>1995.</subfield></datafield><datafield ind1=' ' ind2=' ' tag='300'><subfield code='a'>xxi, 336 p. ;</subfield><subfield code='c'>24 cm.</subfield></datafield><datafield ind1=' ' ind2=' ' tag='504'><subfield code='a'>Includes bibliographical references (p. 309-319) and indexes.</subfield></datafield><datafield ind1='0' ind2=' ' tag='505'><subfield code='a'>1. An invitation ode to a young Lady in New York from her friend in the Country -- New Brunswick May the 22d 1753 -- 2. A Satire on the fashionable pompoons worn by the Ladies in the year 1753. by a Gentleman; Answered by a young Lady of sixteen -- 3. A Hymn Written in the year 1753 -- 4. A Sarcasm against the ladies in a newspaper; An impromptu answer -- 5. An Ode -- written 1756 -- 6. The dream, an Ode[,] 1756 -- 7. The disappointment[,] an ode 1756 to Mr S[tockton] -- 8. On hearing of the out powering of the divine spirit in Nassau Hall[,] Feb 24 1757 by Annis Boudanot -- 9. To my Burrissa -- 10. To Laura -- a card -- 11. To Laura -- 12. Addressed to a Student of divinity -- 13. To a friend who had persuaded Emelia to marry[,] an Ode -- 14. The question[,] upon being told in Jest by Mr S[tockton] that he was not loved much -- 15. The epithalamium -- 16. To the Honourable Col. Peter Schuyler -- 17. An Epitaph by a young lady, design&apos;d by herself -- 18. An Epistle to a friend who urg&apos;d to have some poetry sent her in the year 1759, in the winter -- 19. The wish to Miss Hannah Stockton -- 20. Doubt[,] a pastoral ballad -- 1762 -- 21. Epistle -- To Lucius -- 22. To the Visitant, from a circle of Ladies, on reading his paper. No. 3, in the Pennsylvania Chronicle -- 23. Compos&apos;d in a dancing room[,] December 69 -- 24. To Mr S[tockto]n on his departure from America to England[,] 1769 -- 25. [I]mpromptu epitaph on the grave digger of princeton -- 1769.</subfield></datafield><datafield ind1='8' ind2=' ' tag='505'><subfield code='a'>26. [O]n reading Dr. Beaties Hermit -- 27. By a Lady in America to her Husband in England -- 28. On hearing that General Warren was killed on Bunker-Hill, on the 17th of June 1775 -- 29. On the death of General Montgomery -- 30. To Mrs Rush[,] on Her birth day -- 31. To Miss Mary Stockton[,] an Epistle the 10th of Janu 78 -- 32. [L]ines impromptu on Miss Morgans birth day -- 33. [A Short Elegy to the Memory of Her Husband] -- 34. A sudden production of Mrs. Stockton&apos;s in one of those many anxious nights in which she watched with Mr. Stockton in his last illness -- 35. [Untitled Elegy: Why wanders my friend in this grove?] -- 36a. On hearing of the news of the capture of Lord Cornwallis and the British army, by Gen. Washington -- 36b. Lucinda and Aminta, a pastoral, on the capture of Lord Cornwallis and the british army, by General Washington -- 37. An elegiack Ode on the 28th day of February [1782]. The anniversary of Mr. [Stockton&apos;s] death -- 38. To Doctor R[ush] enclosing the foregoing [Ode of 1782] -- 39. Elegy -- 40. Aniversary Elegy on the Death of Mr Stockton the 28th of feb 1783 -- 41. On a little boy going to play on a place from whence he had just fallen -- 42. To General Washington [Aug. 26, 1783] -- 43. To General Washington[,] An Epistle -- 44. The bridal wish adressed to Mr S. Stockton and his Lady the morning after their maraige -- 45. On the return of Col Laurens from his Confinement in the tower of London.</subfield></datafield><datafield ind1='8' ind2=' ' tag='505'><subfield code='a'>46. Peace, A Pastoral Dialogue. -- Part the second -- 47. Elegy on the death of Miss Chandler[,] as if written in her fathers church yard -- 48. Fragment on hearing the account of Mrs Ramseys death -- 49. On Seeing Mrs Macauly Graham -- 50. Fragment[,] Janu&apos;ry 1786 -- 51. An Elegy on the death of Mrs Wilson, April the 19[,] 1786 -- 52. On an enclosure of roses in which is the grave of Miss Mary Morgan a young lady of 13 years of age daughter of Col Morgan -- 53. A Poetical Epistle, addressed by a Lady of New-Jersey, to her Niece, upon her Marriage, in this City -- 54. Lines on the death of Mrs Petit of philadelphia -- 55. On Doctor Rushes birth day the 5th of January -- after ten days thick fog -- 56. Addressed to General Washington, in the year 1777, after the battles of Trenton and Princeton -- 57. On the Celebration of the Birth of the Dauphin of France -- 58. Elegy inscribed to Richard J Stockton Esqr [Feb. 28, 1787] -- 59. To Richard John Stockton Esqr[,] inclosing the preceding Elegy [Feb. 28, 1787] -- 60. Epistle to General Washington [May 26, 1787] -- 61. Lines on the death of Mrs Hill suppos&apos;d to be spoken by her sister Mrs Clymer -- 62. On the birth day of the Revd Doctor Witherspoon[,] 1788 -- 63. Elegy on the destruction of the trees by the Isicles Sunday and monday of Feb[,] the 17th and 18th[,] 1788 -- 64. Resignation[,] an Elegiac ode[,] February the 28th[,] 1788.</subfield></datafield><datafield ind1='8' ind2=' ' tag='505'><subfield code='a'>65. Impromptu on the morning of my sons weding day which was ushered in by a fall of snow and soon after cleared by a very bright sun -- 66. To the President of the United States -- 67. The Vision -- 68. On Exodus XXX. 18 -- 69. An Elegy on the Death of a Young Lady. By the same -- 70. Lines on Seeing Mrs Elizabeth Witherspoon put in the grave -- 71. An extemporal Ode in a Sleepless Night. By a Lady, (Mrs. S. of New-Jersey) while attending on her Husband in a long and painful Illness -- 72. An Ode for Christmas Day -- 73. Ode to Constantius -- 74. An ode on the birth day of the illustrious George Washington President of the United States -- 75. To Aspasio -- 76. [L]ines on hearing of the death of Doctor Franklin -- 77. To Doctor Smith on his birth day March the 16th[,] 1790 -- 78. The prospect. By a lady in Princeton -- 79. A Lyric Ode. -- Feb 28 -- 80. An ode to Doctor Smith on his birth day March the 16th[,] 1791 -- 81. Elegy on the death of Mrs Dickinson[.] [T]he event was communicated at the Sea shore -- 82. [Acrostic for Georgeana Cuthbert] -- 83. [Acrostic for Abby Stockton] -- 84. An ode -- 85. To Doctor Smith on his birth day March 16th[,] 92 -- 86. To a little Miss[,] with a toy lookingglass -- 87. To a little Miss a year older than the one to whom the Glass was promised[,] with a toy looking Glass -- 88. [Impromptu on reading the several motions made against Mr. Hamilton].</subfield></datafield><datafield ind1='8' ind2=' ' tag='505'><subfield code='a'>89. [L]ines on a young Gentleman who died of the yellow fever at princeton a day or two after he fled from the city for fear of it -- 90. To Miss Mary Stockton[,] an epistle upon some gentleman refusing to admit ladies of their circle into the parlour till supper where they met for conversation and business once a week lest the Ladies should hinder by their chit chat the purpose of their meeting -- 91. Impromptu On hearing that a print of the Guliteene with our beloved presidents figure under it was executed in Mr Genets family -- under his Sanction -- 92. Some traits of the character of Mrs. Powel as a model for a young lady who said she admired her more than any other woman -- 93. To Mrs Powel[,] an Ode -- 94. After a night of perplexing dreams -- 95. Almira to [C]eladon[,] founded on a story in a magazine -- 96. A birth day ode -- 97. Caprice[,] a Fragment -- 98. An elegy in the extreme Illness of a friend whose disorder was the bursting of a blood vesel in his breast -- 99. An epigram addressed to two clergymen who had been trying in Jest to put some Constructions on the Conversation that was not meant -- 100. [E]pigram to Fidelia -- 101. Ill penserosa[,] an ode -- 102. [I]mpromptu Epigram upon being asked to accompany three or four very fine girls with some gentleman in a rural walk -- 103. An impromptu ode before day on the 24th of Dec[,] Christmas morning -- 104. [I]mpromptu on seeing a very agreeable gentleman and lady, particular friends conversing together.</subfield></datafield><datafield ind1='8' ind2=' ' tag='505'><subfield code='a'>105. [I]mpromptu written with a pencil in a chinese temple in the garden of Mr Elisha Boudinot -- 106. Lavinia and Amanda, a Pastoral -- 107. Lines To My Brother from a pavillion in his garden -- 108. Meditation on the 3d verse of the 28th chapter of Mathew[:] And the angel answer&apos;d and said unto the woman[,] Fear not ye for I know that Ye seek Jesus which was crucified -- 109. An Ode[,] To Amanda -- 110. An Ode to solitude Inscribed to Mrs Boudinot -- 111. On Hearing the cooing of a dove[,] a song -- 112. [F]ragment on the death of a minester -- 113. On the suns setting clear after a three days storm -- 114. The restoration of a stolen fan[.] To -- 115. Sensibility[,] an ode -- 116. Soliliguy in a sleepless night -- 117. Tears of friendship[.] Elegy the third. -- to a friend just married, and who had promised to write, on parting, but had neglected it -- 118. The tears of friendship[.] [E]legy the 4th -- 119. Thoughts on the pythagorian System -- 120. To a friend going to Sea -- 121. To Amanda -- Who was obliging enough to delight her friend with singing every evening two songs which she was very fond off -- 122. To Mr Lewis pintard on his retirement at new Rochelle -- 123. [T]he wish on a wedding day morning -- 124. [Untitled: How blest the soul to whom indulgent heaven] -- 125. [Untitled: Sweet Mariana gentle maid adieu] -- 126. [Untitled: Wise nature here has done her kindest part].</subfield></datafield><datafield ind1='8' ind2=' ' tag='505'><subfield code='a'>A Poetical Correspondence between Palemon and AEmilia, 1757: The Literary and Social Context -- A Poetical Correspondence between Palemon and AEmilia, 1757: The Text -- A Poetical Correspondence between Palemon and AEmilia, 1757: [Nathaniel Scudder Prime&apos;s Later Commentary] -- A Poetical Correspondence between Palemon and AEmilia, 1757: Notes to the Poetical Correspondence -- Appendix I: Poems Published in Stockton&apos;s Lifetime -- Appendix II: Related Poems -- Appendix III: Letter from Annis Boudinot Stockton to Julia Stockton Rush, on Mary Wollstonecraft&apos;s A Vindication of the Rights of Woman (1792) -- Indexes: 1. First Names and Pseudonyms Found in the Poems -- Indexes: 2. Proper Names Found in the Poems -- Indexes: 3. First Lines of the Poems.</subfield></datafield><datafield ind1='1' ind2=' ' tag='520'><subfield code='a'>&quot;Known among the Middle Atlantic intelligentsia and literati as a witty and versatile writer, considered by George Washington and the Chevalier de La Luzerne a gracious and elegant host, Annis Boudinot Stockton (1736-1801) wrote over a hundred poems on the most important political and social issues of her day.&quot;--BOOK JACKET. &quot;&quot;Only for the Eye of a Friend&quot; was the name Stockton gave a manuscript book of poems that surfaced in 1985 and at once tripled the number of her known works. Before the discovery of this copybook, Stockton was known to have written about 40 poems. Now, Carla Mulford has brought together over 125 of Stockton&apos;s works, including her published pieces and the newly found cache of poems in manuscript, to form this unprecedented collection. Mulford includes an introduction treating Stockton&apos;s life, with particular attention to the ways in which her poetry reveals both aspects of eighteenth-century culture and the expectations placed upon women of the Anglo-American elite.&quot;--BOOK JACKET. &quot;Only for the Eye of a Friend brings back into public view the works of a poet whose published works and manuscripts earned her, in her day, a wide audience among colonists and international readers alike. The quality and quantity of Stockton&apos;s literary output makes her an apt counterpart to her seventeenth-century predecessor Anne Bradstreet and the nineteenth-century poet Emily Dickinson.&quot;--BOOK JACKET.</subfield></datafield><datafield ind1='1' ind2='0' tag='600'><subfield code='a'>Stockton, Annis Boudinot,</subfield><subfield code='d'>1736-1801</subfield></datafield><datafield ind1=' ' ind2='0' tag='650'><subfield code='a'>Women</subfield><subfield code='v'>Poetry</subfield></datafield><datafield ind1=' ' ind2='0' tag='650'><subfield code='a'>Women and literature</subfield><subfield code='z'>United States</subfield><subfield code='x'>History</subfield><subfield code='y'>18th century</subfield></datafield><datafield ind1=' ' ind2='0' tag='650'><subfield code='a'>Women poets, American</subfield><subfield code='y'>18th century</subfield><subfield code='v'>Biography.</subfield></datafield><datafield ind1=' ' ind2='7' tag='655'><subfield code='a'>Biographies</subfield><subfield code='2'>fast</subfield></datafield><datafield ind1=' ' ind2='7' tag='655'><subfield code='a'>History</subfield><subfield code='2'>fast</subfield></datafield><datafield ind1=' ' ind2='7' tag='655'><subfield code='a'>Poetry</subfield><subfield code='2'>fast</subfield></datafield><datafield ind1=' ' ind2='7' tag='655'><subfield code='a'>Biographies</subfield><subfield code='2'>fast</subfield><subfield code='0'>(OCoLC)fst01423686</subfield></datafield><datafield ind1=' ' ind2='7' tag='655'><subfield code='a'>History.</subfield><subfield code='2'>fast</subfield><subfield code='0'>(OCoLC)fst01411628</subfield></datafield><datafield ind1=' ' ind2='7' tag='655'><subfield code='a'>Poetry.</subfield><subfield code='2'>fast</subfield><subfield code='0'>(OCoLC)fst01423828</subfield></datafield><datafield ind1=' ' ind2='7' tag='648'><subfield code='a'>1600-1799</subfield><subfield code='2'>fast</subfield></datafield><datafield ind1='1' ind2=' ' tag='700'><subfield code='a'>Mulford, Carla,</subfield><subfield code='d'>1955-</subfield></datafield><datafield ind1='1' ind2=' ' tag='583'><subfield code='a'>committed to retain</subfield><subfield code='c'>20181001</subfield><subfield code='d'>in perpetuity</subfield><subfield code='f'>ReCAP Shared Collection</subfield><subfield code='5'>HUL</subfield><subfield code='8'>221861997940003941</subfield></datafield><datafield ind1='0' ind2=' ' tag='852'><subfield code='c'>RD</subfield><subfield code='h'>PS847.S4</subfield><subfield code='i'>A17 1995</subfield><subfield code='0'>14402992</subfield><subfield code='b'>scsbhl</subfield></datafield><datafield ind1=' ' ind2=' ' tag='876'><subfield code='0'>14402992</subfield><subfield code='a'>20745182</subfield><subfield code='h'> </subfield><subfield code='j'>Available</subfield><subfield code='k'>WID</subfield><subfield code='p'>32044105587307</subfield><subfield code='x'>Shared</subfield><subfield code='z'>HV</subfield><subfield code='l'>RECAP</subfield></datafield></record>