
<record><leader>01325cam a22003611  4500</leader><controlfield tag='001'>SCSB-2553468</controlfield><controlfield tag='003'>NNC</controlfield><controlfield tag='005'>20220525195520.0</controlfield><controlfield tag='008'>870112m19669999fr            000 0 fre d</controlfield><controlfield tag='009'>551203</controlfield><datafield ind1=' ' ind2=' ' tag='035'><subfield code='a'>(OCoLC)25953777</subfield></datafield><datafield ind1=' ' ind2=' ' tag='035'><subfield code='a'>(OCoLC)ocm25953777</subfield></datafield><datafield ind1=' ' ind2=' ' tag='035'><subfield code='a'>(CStRLIN)NYCG87-B3133</subfield></datafield><datafield ind1=' ' ind2=' ' tag='035'><subfield code='9'>ACK3884CU</subfield></datafield><datafield ind1=' ' ind2=' ' tag='035'><subfield code='a'>(NNC)551203</subfield></datafield><datafield ind1=' ' ind2=' ' tag='035'><subfield code='a'>551203</subfield></datafield><datafield ind1=' ' ind2=' ' tag='040'><subfield code='a'>IEN</subfield><subfield code='d'>CStRLIN</subfield></datafield><datafield ind1=' ' ind2=' ' tag='043'><subfield code='a'>f-ua---</subfield></datafield><datafield ind1='0' ind2='0' tag='245'><subfield code='a'>Description de l&apos;Egypte :</subfield><subfield code='b'>publiée par ordre de Napoléon Bonaparte.</subfield></datafield><datafield ind1=' ' ind2=' ' tag='260'><subfield code='a'>Paris :</subfield><subfield code='b'>A. Guillot,</subfield><subfield code='c'>1966-</subfield></datafield><datafield ind1=' ' ind2=' ' tag='300'><subfield code='a'>volumes.</subfield></datafield><datafield ind1=' ' ind2=' ' tag='336'><subfield code='a'>text</subfield><subfield code='2'>rdacontent</subfield></datafield><datafield ind1=' ' ind2=' ' tag='337'><subfield code='a'>unmediated</subfield><subfield code='2'>rdamedia</subfield></datafield><datafield ind1=' ' ind2=' ' tag='338'><subfield code='a'>volume</subfield><subfield code='2'>rdacarrier</subfield></datafield><datafield ind1='1' ind2=' ' tag='490'><subfield code='a'>Art et archéologie, éd par Albert Champdor</subfield></datafield><datafield ind1=' ' ind2=' ' tag='500'><subfield code='a'>Selections from the 22 v. work of the same title first published 1808-1825. Explanatory text on the versos of the plates.</subfield></datafield><datafield ind1=' ' ind2=' ' tag='500'><subfield code='a'>Issued in slipcase.</subfield></datafield><datafield ind1=' ' ind2='0' tag='651'><subfield code='a'>Egypt</subfield><subfield code='x'>Antiquities.</subfield><subfield code='0'>http://id.loc.gov/authorities/subjects/sh85041263</subfield></datafield><datafield ind1=' ' ind2='0' tag='650'><subfield code='a'>Art, Egyptian.</subfield><subfield code='0'>http://id.loc.gov/authorities/subjects/sh85007638</subfield></datafield><datafield ind1='1' ind2=' ' tag='700'><subfield code='a'>Champdor, Albert,</subfield><subfield code='e'>editor.</subfield><subfield code='4'>http://id.loc.gov/vocabulary/relators/edt</subfield><subfield code='0'>http://id.loc.gov/authorities/names/n50082830</subfield></datafield><datafield ind1=' ' ind2='0' tag='830'><subfield code='a'>Art et archéologie, éd par Albert Champdor.</subfield></datafield><datafield ind1='8' ind2='0' tag='852'><subfield code='h'>AA1581 D45</subfield><subfield code='0'>2530252</subfield><subfield code='b'>scsbcul</subfield></datafield><datafield ind1=' ' ind2=' ' tag='876'><subfield code='0'>2530252</subfield><subfield code='a'>4064577</subfield><subfield code='h'>In Library Use</subfield><subfield code='j'>Available</subfield><subfield code='p'>AR52260674</subfield><subfield code='t'>1</subfield><subfield code='x'>Shared</subfield><subfield code='z'>AR</subfield><subfield code='l'>RECAP</subfield></datafield></record>