
<record><leader>01203cam a2200325 a 4500</leader><controlfield tag='001'>SCSB-5057423</controlfield><controlfield tag='003'>NNC</controlfield><controlfield tag='005'>20221103035753.0</controlfield><controlfield tag='008'>030925s2003    it a  a       001 0 ita d</controlfield><controlfield tag='009'>4791216</controlfield><datafield ind1=' ' ind2=' ' tag='020'><subfield code='a'>8880954393</subfield></datafield><datafield ind1=' ' ind2=' ' tag='035'><subfield code='a'>(OCoLC)53450549</subfield></datafield><datafield ind1=' ' ind2=' ' tag='035'><subfield code='a'>(OCoLC)ocm53450549</subfield></datafield><datafield ind1=' ' ind2=' ' tag='035'><subfield code='a'>(NNC)4791216</subfield></datafield><datafield ind1=' ' ind2=' ' tag='035'><subfield code='a'>4791216</subfield></datafield><datafield ind1=' ' ind2=' ' tag='040'><subfield code='a'>*C3L*</subfield><subfield code='c'>*C3L*</subfield><subfield code='d'>RPB</subfield><subfield code='d'>CStRLIN</subfield></datafield><datafield ind1=' ' ind2=' ' tag='043'><subfield code='a'>f-ua---</subfield><subfield code='a'>f------</subfield><subfield code='a'>e-fr---</subfield></datafield><datafield ind1=' ' ind2=' ' tag='045'><subfield code='a'>v0w1</subfield></datafield><datafield ind1=' ' ind2=' ' tag='090'><subfield code='a'>N5350</subfield><subfield code='b'>.S47x 2003</subfield></datafield><datafield ind1='1' ind2=' ' tag='100'><subfield code='a'>Serino, Franco.</subfield><subfield code='0'>http://id.loc.gov/authorities/names/no00088429</subfield></datafield><datafield ind1='1' ind2='0' tag='245'><subfield code='a'>Déscription de l&apos;Egypte :</subfield><subfield code='b'>[la spedizione di Napoleone alla scoperta dell&apos;antico Egitto] /</subfield><subfield code='c'>[Franco Serino].</subfield></datafield><datafield ind1=' ' ind2=' ' tag='260'><subfield code='a'>Vercelli :</subfield><subfield code='b'>White Star,</subfield><subfield code='c'>2003.</subfield></datafield><datafield ind1=' ' ind2=' ' tag='300'><subfield code='a'>124 pages :</subfield><subfield code='b'>mostly illustrations (some color) ;</subfield><subfield code='c'>37 cm</subfield></datafield><datafield ind1=' ' ind2=' ' tag='336'><subfield code='a'>text</subfield><subfield code='b'>txt</subfield><subfield code='2'>rdacontent</subfield></datafield><datafield ind1=' ' ind2=' ' tag='337'><subfield code='a'>unmediated</subfield><subfield code='b'>n</subfield><subfield code='2'>rdamedia</subfield></datafield><datafield ind1=' ' ind2=' ' tag='504'><subfield code='a'>Includes index.</subfield></datafield><datafield ind1=' ' ind2='0' tag='650'><subfield code='a'>Arts, Egyptian.</subfield><subfield code='0'>http://id.loc.gov/authorities/subjects/sh2002004266</subfield></datafield><datafield ind1=' ' ind2='0' tag='651'><subfield code='a'>Egypt</subfield><subfield code='x'>Antiquities.</subfield><subfield code='0'>http://id.loc.gov/authorities/subjects/sh85041263</subfield></datafield><datafield ind1=' ' ind2='0' tag='651'><subfield code='a'>Egypt</subfield><subfield code='x'>Description and travel.</subfield><subfield code='0'>http://id.loc.gov/authorities/subjects/sh85041273</subfield></datafield><datafield ind1='8' ind2='0' tag='852'><subfield code='h'>AA215 Se67</subfield><subfield code='0'>5041473</subfield><subfield code='b'>scsbcul</subfield></datafield><datafield ind1=' ' ind2=' ' tag='876'><subfield code='0'>5041473</subfield><subfield code='a'>7585395</subfield><subfield code='h'>In Library Use</subfield><subfield code='j'>Available</subfield><subfield code='p'>AR68966660</subfield><subfield code='t'>1</subfield><subfield code='x'>Shared</subfield><subfield code='z'>AR</subfield><subfield code='l'>RECAP</subfield></datafield></record>