
<record><leader>00000cam a22002414a 4500</leader><controlfield tag='001'>SCSB-11043490</controlfield><controlfield tag='005'>20091204101920.0</controlfield><controlfield tag='008'>920227s1845    fr            000 0 fre d</controlfield><controlfield tag='009'>990121374540203941</controlfield><datafield ind1=' ' ind2=' ' tag='035'><subfield code='a'>(OCoLC)25353829</subfield></datafield><datafield ind1=' ' ind2=' ' tag='040'><subfield code='a'>STF</subfield><subfield code='c'>STF</subfield><subfield code='d'>OCLCQ</subfield></datafield><datafield ind1=' ' ind2=' ' tag='043'><subfield code='a'>f-ua---</subfield><subfield code='a'>f-et---</subfield></datafield><datafield ind1=' ' ind2='4' tag='050'><subfield code='a'>DT53</subfield><subfield code='b'>.S5</subfield></datafield><datafield ind1='0' ind2=' ' tag='100'><subfield code='a'>Sicard.</subfield></datafield><datafield ind1='1' ind2='0' tag='245'><subfield code='a'>Description de l&apos;Égypte /</subfield><subfield code='c'>par le père Sicard. Suivie de Mémoires sur l&apos;Éthiopie (extraits des lettres édifiantes et curieuses).</subfield></datafield><datafield ind1=' ' ind2=' ' tag='260'><subfield code='a'>Lyon :</subfield><subfield code='b'>Librairie d&apos;éducation de Perisse frères,</subfield><subfield code='c'>1845.</subfield></datafield><datafield ind1=' ' ind2=' ' tag='300'><subfield code='a'>378 p. ;</subfield><subfield code='c'>18 cm.</subfield></datafield><datafield ind1=' ' ind2=' ' tag='500'><subfield code='a'>&quot;Relation abrégée du voyage que Charles Poncet fit en Éthiopie en 1698, 1699 et 1700&quot;: p. [245]-378.</subfield></datafield><datafield ind1=' ' ind2='0' tag='651'><subfield code='a'>Egypt</subfield><subfield code='x'>Description and travel.</subfield></datafield><datafield ind1=' ' ind2='0' tag='651'><subfield code='a'>Ethiopia</subfield><subfield code='x'>Description and travel</subfield></datafield><datafield ind1='1' ind2=' ' tag='700'><subfield code='a'>Poncet, Charles Jacques.</subfield><subfield code='t'>Relation abrégée du voyage fit en Éthiopie en 1698, 1699 et 1700.</subfield></datafield><datafield ind1=' ' ind2=' ' tag='752'><subfield code='a'>France</subfield><subfield code='d'>Lyon.</subfield></datafield><datafield ind1='1' ind2=' ' tag='583'><subfield code='a'>committed to retain</subfield><subfield code='c'>20181001</subfield><subfield code='d'>in perpetuity</subfield><subfield code='f'>ReCAP Shared Collection</subfield><subfield code='5'>HUL</subfield><subfield code='8'>222137545480003941</subfield></datafield><datafield ind1='0' ind2=' ' tag='852'><subfield code='c'>HD</subfield><subfield code='h'>DT53</subfield><subfield code='i'>.S5</subfield><subfield code='0'>11840619</subfield><subfield code='b'>scsbhl</subfield></datafield><datafield ind1=' ' ind2=' ' tag='876'><subfield code='0'>11840619</subfield><subfield code='a'>17595209</subfield><subfield code='h'> </subfield><subfield code='j'>Available</subfield><subfield code='k'>WID</subfield><subfield code='p'>32044111963948</subfield><subfield code='x'>Shared</subfield><subfield code='z'>HW</subfield><subfield code='l'>HD</subfield></datafield></record>