
<record><leader>01146cam a22003371  4500</leader><controlfield tag='001'>SCSB-2565927</controlfield><controlfield tag='003'>NNC</controlfield><controlfield tag='005'>20220525202024.0</controlfield><controlfield tag='008'>870116s1967    ua            000 0 fre  </controlfield><controlfield tag='009'>571695</controlfield><datafield ind1=' ' ind2=' ' tag='010'><subfield code='a'>ne 68004661 </subfield></datafield><datafield ind1=' ' ind2=' ' tag='025'><subfield code='a'>PL480:UAR-9621</subfield></datafield><datafield ind1=' ' ind2=' ' tag='035'><subfield code='a'>(OCoLC)8140624</subfield></datafield><datafield ind1=' ' ind2=' ' tag='035'><subfield code='a'>(OCoLC)ocm08140624</subfield></datafield><datafield ind1=' ' ind2=' ' tag='035'><subfield code='a'>(CStRLIN)NYCG87-B5152</subfield></datafield><datafield ind1=' ' ind2=' ' tag='035'><subfield code='9'>ACM5173CU</subfield></datafield><datafield ind1=' ' ind2=' ' tag='035'><subfield code='a'>(NNC)571695</subfield></datafield><datafield ind1=' ' ind2=' ' tag='035'><subfield code='a'>571695</subfield></datafield><datafield ind1=' ' ind2=' ' tag='040'><subfield code='a'>DLC</subfield><subfield code='c'>ViU</subfield><subfield code='d'>DLC</subfield></datafield><datafield ind1='0' ind2='0' tag='050'><subfield code='a'>DT46.F833</subfield><subfield code='b'>D37</subfield></datafield><datafield ind1='2' ind2=' ' tag='110'><subfield code='a'>Dār al-Kutub wa-al-Wathāʼiq al-Qawmīyah (Egypt)</subfield><subfield code='0'>http://id.loc.gov/authorities/names/n81032004</subfield></datafield><datafield ind1='1' ind2='0' tag='245'><subfield code='a'>Catalogue analytique de la Description de l&apos;Égypte.</subfield></datafield><datafield ind1=' ' ind2=' ' tag='260'><subfield code='a'>Le Caire :</subfield><subfield code='b'>Impr. de la Bibliothèque nationale,</subfield><subfield code='c'>1967.</subfield></datafield><datafield ind1=' ' ind2=' ' tag='300'><subfield code='a'>v, 49 pages ;</subfield><subfield code='c'>24 cm</subfield></datafield><datafield ind1=' ' ind2=' ' tag='336'><subfield code='a'>text</subfield><subfield code='2'>rdacontent</subfield></datafield><datafield ind1=' ' ind2=' ' tag='337'><subfield code='a'>unmediated</subfield><subfield code='2'>rdamedia</subfield></datafield><datafield ind1=' ' ind2=' ' tag='338'><subfield code='a'>volume</subfield><subfield code='2'>rdacarrier</subfield></datafield><datafield ind1=' ' ind2=' ' tag='500'><subfield code='a'>At head of title: Rèpublique Arabe Unie. Ministère de la culture. Bibliothèque &amp; archives nationales.</subfield></datafield><datafield ind1='0' ind2=' ' tag='730'><subfield code='a'>Description de l&apos;Égypte.</subfield><subfield code='0'>http://id.loc.gov/authorities/names/n85112850</subfield></datafield><datafield ind1='8' ind2='0' tag='852'><subfield code='h'>AA1582 F853</subfield><subfield code='0'>2542929</subfield><subfield code='b'>scsbcul</subfield></datafield><datafield ind1=' ' ind2=' ' tag='876'><subfield code='0'>2542929</subfield><subfield code='a'>4077658</subfield><subfield code='h'>In Library Use</subfield><subfield code='j'>Available</subfield><subfield code='p'>AR52264874</subfield><subfield code='t'>1</subfield><subfield code='x'>Shared</subfield><subfield code='z'>AR</subfield><subfield code='l'>RECAP</subfield></datafield></record>