
<record><leader>01358cam a2200349 a 4500</leader><controlfield tag='001'>SCSB-8300590</controlfield><controlfield tag='003'>Fr-PaAMA</controlfield><controlfield tag='005'>20141212.0</controlfield><controlfield tag='008'>141212s2014    be a   g b    001 0 fre d</controlfield><controlfield tag='009'>.b205118835</controlfield><datafield ind1=' ' ind2=' ' tag='020'><subfield code='a'>9782874570766 (pbk.) :</subfield><subfield code='c'>65,00 EUR</subfield></datafield><datafield ind1=' ' ind2=' ' tag='040'><subfield code='a'>Fr-PaAMA</subfield><subfield code='b'>eng</subfield></datafield><datafield ind1=' ' ind2=' ' tag='043'><subfield code='a'>f-ua---</subfield></datafield><datafield ind1='0' ind2='4' tag='050'><subfield code='a'>DT47</subfield><subfield code='b'>.R54 2014</subfield></datafield><datafield ind1='1' ind2=' ' tag='100'><subfield code='a'>Rifaud, J.-J.</subfield><subfield code='q'>(Jean-Jacques),</subfield><subfield code='d'>-1852 .</subfield></datafield><datafield ind1='1' ind2='3' tag='245'><subfield code='a'>La description de l&apos;Égypte de Jean-Jacques Rifaud, 1813-1826 /</subfield><subfield code='c'>coordination générale et édition scientifique du catalogue, Marie-Cécile Bruwier, Wouter Claes, Arnaud Quertinmont.</subfield></datafield><datafield ind1=' ' ind2=' ' tag='260'><subfield code='a'>Bruxelles :</subfield><subfield code='b'>Safran,</subfield><subfield code='c'>c2014.</subfield></datafield><datafield ind1=' ' ind2=' ' tag='300'><subfield code='a'>288 p. :</subfield><subfield code='b'>ill. (some col.) ;</subfield><subfield code='c'>38 cm.</subfield></datafield><datafield ind1='1' ind2=' ' tag='490'><subfield code='a'>Connaissance de l&apos;Égypte ancienne</subfield><subfield code='v'>no 16</subfield></datafield><datafield ind1=' ' ind2=' ' tag='504'><subfield code='a'>Includes bibliographical references and index.</subfield></datafield><datafield ind1=' ' ind2='0' tag='650'><subfield code='a'>Art, Egyptian.</subfield></datafield><datafield ind1=' ' ind2='0' tag='650'><subfield code='a'>Natural history</subfield><subfield code='z'>Egypt</subfield><subfield code='v'>Pictorial works.</subfield></datafield><datafield ind1=' ' ind2='0' tag='651'><subfield code='a'>Egypt</subfield><subfield code='x'>Antiquities</subfield><subfield code='v'>Pictorial works.</subfield></datafield><datafield ind1=' ' ind2='0' tag='651'><subfield code='a'>Egypt</subfield><subfield code='x'>Description and travel.</subfield></datafield><datafield ind1='1' ind2=' ' tag='700'><subfield code='a'>Bruwier, Marie-Cécile.</subfield></datafield><datafield ind1='1' ind2=' ' tag='700'><subfield code='a'>Claes, Wouter.</subfield></datafield><datafield ind1='1' ind2=' ' tag='700'><subfield code='a'>Quertinmont, Arnaud.</subfield></datafield><datafield ind1=' ' ind2='0' tag='830'><subfield code='a'>Connaissance de l&apos;Egypte ancienne ;</subfield><subfield code='v'>no 16.</subfield></datafield><datafield ind1=' ' ind2=' ' tag='907'><subfield code='a'>.b205118835</subfield><subfield code='c'>m</subfield><subfield code='d'>a</subfield><subfield code='e'>a</subfield><subfield code='f'>fre</subfield><subfield code='g'>be</subfield><subfield code='h'>3</subfield><subfield code='i'>1</subfield></datafield><datafield ind1=' ' ind2=' ' tag='035'><subfield code='a'>(OCoLC)894202573</subfield></datafield><datafield ind1='8' ind2=' ' tag='852'><subfield code='h'>ReCAP 15-60106</subfield><subfield code='0'>8455093</subfield><subfield code='b'>scsbnypl</subfield></datafield><datafield ind1=' ' ind2=' ' tag='876'><subfield code='0'>8455093</subfield><subfield code='a'>13832420</subfield><subfield code='j'>Available</subfield><subfield code='p'>33433112869536</subfield><subfield code='t'>1</subfield><subfield code='x'>Shared</subfield><subfield code='z'>NA</subfield><subfield code='l'>RECAP</subfield></datafield></record>