
<record><leader>03437nam a2200373 a 4500</leader><controlfield tag='001'>SCSB-3893142</controlfield><controlfield tag='003'>NNC</controlfield><controlfield tag='005'>20221012205242.0</controlfield><controlfield tag='008'>990713s2000    nyua     b    001 0 eng  </controlfield><controlfield tag='009'>2619510</controlfield><datafield ind1=' ' ind2=' ' tag='010'><subfield code='a'>   99039456 </subfield></datafield><datafield ind1=' ' ind2=' ' tag='020'><subfield code='a'>0805056831</subfield></datafield><datafield ind1=' ' ind2=' ' tag='035'><subfield code='a'>(OCoLC)41944655</subfield></datafield><datafield ind1=' ' ind2=' ' tag='035'><subfield code='a'>(OCoLC)ocm41944655</subfield></datafield><datafield ind1=' ' ind2=' ' tag='035'><subfield code='9'>AQW2507CU</subfield></datafield><datafield ind1=' ' ind2=' ' tag='035'><subfield code='a'>(NNC)2619510</subfield></datafield><datafield ind1=' ' ind2=' ' tag='035'><subfield code='a'>2619510</subfield></datafield><datafield ind1=' ' ind2=' ' tag='040'><subfield code='a'>DLC</subfield><subfield code='c'>DLC</subfield><subfield code='d'>DLC</subfield><subfield code='d'>OrLoB-B</subfield></datafield><datafield ind1='0' ind2='0' tag='050'><subfield code='a'>D10</subfield><subfield code='b'>.R334 2000</subfield></datafield><datafield ind1='0' ind2='0' tag='082'><subfield code='a'>909</subfield><subfield code='2'>21</subfield></datafield><datafield ind1='1' ind2=' ' tag='100'><subfield code='a'>Rachlin, Harvey.</subfield><subfield code='0'>http://id.loc.gov/authorities/names/n81022279</subfield></datafield><datafield ind1='1' ind2='0' tag='245'><subfield code='a'>Jumbo&apos;s hide, Elvis&apos;s ride, and the tooth of Buddha :</subfield><subfield code='b'>more marvelous tales of historical artifacts /</subfield><subfield code='c'>Harvey Rachlin.</subfield></datafield><datafield ind1=' ' ind2=' ' tag='250'><subfield code='a'>1st ed.</subfield></datafield><datafield ind1=' ' ind2=' ' tag='260'><subfield code='a'>New York :</subfield><subfield code='b'>H. Holt,</subfield><subfield code='c'>2000.</subfield></datafield><datafield ind1=' ' ind2=' ' tag='300'><subfield code='a'>xi, 372 pages :</subfield><subfield code='b'>illustrations ;</subfield><subfield code='c'>24 cm</subfield></datafield><datafield ind1=' ' ind2=' ' tag='336'><subfield code='a'>text</subfield><subfield code='b'>txt</subfield><subfield code='2'>rdacontent</subfield></datafield><datafield ind1=' ' ind2=' ' tag='337'><subfield code='a'>unmediated</subfield><subfield code='b'>n</subfield><subfield code='2'>rdamedia</subfield></datafield><datafield ind1=' ' ind2=' ' tag='504'><subfield code='a'>Includes bibliographical references (p. [336]-353) and index.</subfield></datafield><datafield ind1='0' ind2='0' tag='505'><subfield code='t'>The Tooth of the Buddha --</subfield><subfield code='t'>The Gold Larnax of King Philip II --</subfield><subfield code='t'>The Magna Carta --</subfield><subfield code='t'>The Stone of Scone --</subfield><subfield code='t'>The Essex Ring --</subfield><subfield code='t'>Galileo&apos;s Middle Finger --</subfield><subfield code='t'>George Washington&apos;s Schoolboy Copybooks --</subfield><subfield code='t'>John Harrison&apos;s Fourth Marine Timekeeper --</subfield><subfield code='t'>The Virginia Declaration of Rights --</subfield><subfield code='t'>The Rising Sun Chair --</subfield><subfield code='t'>The Louisiana Purchase Treaty --</subfield><subfield code='t'>The Lewis and Clark Journals --</subfield><subfield code='t'>Beethoven&apos;s Ear Trumpets --</subfield><subfield code='t'>Harrison&apos;s Peace Pipes --</subfield><subfield code='t'>John Adams&apos;s Pigtail --</subfield><subfield code='t'>The Doubleday Ball --</subfield><subfield code='t'>Vendovi&apos;s Head --</subfield><subfield code='t'>The Battle Sword of Colonel Najera --</subfield><subfield code='t'>Charles Dickens&apos;s Prompt-Copy of A Christmas Carol --</subfield><subfield code='t'>The First American Flag Raised in Japan --</subfield><subfield code='t'>The Emancipation Proclamation --</subfield><subfield code='t'>Slices of Tom Thumb&apos;s Wedding Cake --</subfield><subfield code='t'>Thomas Edison&apos;s Original Tinfoil Phonograph --</subfield><subfield code='t'>Jesse James&apos;s Stickpin --</subfield><subfield code='t'>Ulysses S. Grant&apos;s Smoking Stand --</subfield><subfield code='t'>Jumbo the Elephant --</subfield><subfield code='t'>Freud&apos;s Couch --</subfield><subfield code='t'>The Hoof of Fire Horse Number Twelve --</subfield><subfield code='t'>&quot;Take Me Out to the Ball Game&quot; --</subfield><subfield code='t'>Mark Twain&apos;s Orchestrelle --</subfield><subfield code='t'>The Zimmermann Telegram --</subfield><subfield code='t'>The Fourteen Points --</subfield></datafield><datafield ind1='8' ind2='0' tag='505'><subfield code='t'>The Truce Flag That Ended World War I --</subfield><subfield code='t'>Wyatt Earp&apos;s Drawing of the O.K. Corral Gunfight --</subfield><subfield code='t'>The Maltese Falcon --</subfield><subfield code='t'>Monty&apos;s Battle Caravans --</subfield><subfield code='t'>The World War II Japanese Surrender Table --</subfield><subfield code='t'>ENIAC --</subfield><subfield code='t'>Marilyn Monroe&apos;s Billowing Dress from The Seven Year Itch --</subfield><subfield code='t'>Elvis Presley&apos;s Purple Cadillac --</subfield><subfield code='t'>Able the Space Monkey --</subfield><subfield code='t'>Odyssey --</subfield><subfield code='t'>The Gun That Killed John Lennon.</subfield></datafield><datafield ind1='1' ind2=' ' tag='520'><subfield code='a'>&quot;History is made up of not just the great figures that have shaped the fate of nations. Sometimes the course of history can be changed by something as small as a nail, or a ball, or a dress. There are thousands of these historical oddities, littered throughout the museums and libraries on the world - artifacts that have survived the test of time, that have come through the fires and furies of history to stand before us.</subfield></datafield><datafield ind1='8' ind2=' ' tag='520'><subfield code='a'>Harvey Rachlin picks up where he left off in the popular Lucy&apos;s Bones, Sacred Stones, and Einstein&apos;s Brain, here exploring the tales behind forty more historical objects, ranging from the sublime to the ridiculous, from the glorious to the grotesque. Each is a tangible piece of history with its own story to tell, offering a glimpse into the time from which it came and the people whose lives it affected.&quot;--BOOK JACKET.</subfield></datafield><datafield ind1=' ' ind2='0' tag='650'><subfield code='a'>History</subfield><subfield code='v'>Miscellanea.</subfield><subfield code='0'>http://id.loc.gov/authorities/subjects/sh85061219</subfield></datafield><datafield ind1=' ' ind2='0' tag='650'><subfield code='a'>Antiquities.</subfield><subfield code='0'>http://id.loc.gov/authorities/subjects/sh85005757</subfield></datafield><datafield ind1='0' ind2='0' tag='852'><subfield code='h'>D10 .R334 2000</subfield><subfield code='0'>3901955</subfield><subfield code='b'>scsbcul</subfield></datafield><datafield ind1=' ' ind2=' ' tag='876'><subfield code='0'>3901955</subfield><subfield code='a'>5710780</subfield><subfield code='h'> </subfield><subfield code='j'>Available</subfield><subfield code='p'>CU69585555</subfield><subfield code='t'>1</subfield><subfield code='x'>Shared</subfield><subfield code='z'>CU</subfield><subfield code='l'>RECAP</subfield></datafield></record>