
<record><leader>00742cam a2200253 a 4500</leader><controlfield tag='001'>SCSB-12045130</controlfield><controlfield tag='005'>20120907185602.0</controlfield><controlfield tag='008'>950622s1995    nyuaf         001 0aeng  </controlfield><controlfield tag='009'>990062566600203941</controlfield><datafield ind1=' ' ind2=' ' tag='010'><subfield code='a'>^^^95021544^</subfield></datafield><datafield ind1=' ' ind2=' ' tag='020'><subfield code='a'>0399140913 :</subfield><subfield code='c'>$24.95 ($33.95 Can.)</subfield></datafield><datafield ind1=' ' ind2=' ' tag='035'><subfield code='a'>(OCoLC)32779226</subfield><subfield code='z'>(OCoLC)1165357675</subfield><subfield code='z'>(OCoLC)1200995757</subfield><subfield code='z'>(OCoLC)1201811924</subfield><subfield code='z'>(OCoLC)1201882085</subfield></datafield><datafield ind1=' ' ind2=' ' tag='040'><subfield code='a'>DLC</subfield><subfield code='c'>DLC</subfield><subfield code='d'>DLC</subfield></datafield><datafield ind1=' ' ind2=' ' tag='043'><subfield code='a'>n-us---</subfield></datafield><datafield ind1='0' ind2='0' tag='050'><subfield code='a'>PN2287.M697</subfield><subfield code='b'>A3 1995</subfield></datafield><datafield ind1=' ' ind2='4' tag='060'><subfield code='a'>B M823a</subfield></datafield><datafield ind1='0' ind2='0' tag='082'><subfield code='a'>791.45/028/092</subfield><subfield code='a'>B</subfield><subfield code='2'>20</subfield></datafield><datafield ind1='1' ind2=' ' tag='100'><subfield code='a'>Moore, Mary Tyler,</subfield><subfield code='d'>1936-2017</subfield></datafield><datafield ind1='1' ind2='0' tag='245'><subfield code='a'>After all /</subfield><subfield code='c'>Mary Tyler Moore.</subfield></datafield><datafield ind1=' ' ind2=' ' tag='260'><subfield code='a'>New York :</subfield><subfield code='b'>Putnam,</subfield><subfield code='c'>c1995.</subfield></datafield><datafield ind1=' ' ind2=' ' tag='300'><subfield code='a'>xii, 332 p., [32] p. of plates :</subfield><subfield code='b'>ill. ;</subfield><subfield code='c'>25 cm.</subfield></datafield><datafield ind1=' ' ind2=' ' tag='500'><subfield code='a'>Includes index.</subfield></datafield><datafield ind1=' ' ind2=' ' tag='520'><subfield code='a'>Autobiography of Mary Tyler Moore in which she recounts her life from her childhood in New York and Hollywood through her career as an actor, describing her personal experiences as a mother, wife, and activist.</subfield></datafield><datafield ind1='0' ind2=' ' tag='505'><subfield code='a'>Frank Adamo. -- Julie Andrews. -- Ed Asner. -- Emanuel Azenberg. -- Lucille Ball. -- Marlon Brando. -- James Brooks. -- Carol Burnett. -- Allan Burns. -- Abe Burrows. -- Dick Cavett. -- Richard Chamberlain. -- Richard Chapin. -- Jimmy Durante. -- Betty Ford. -- Valerie Harper. -- Katharine Hepburn. -- Ted Knight. -- Cloris Leachman. -- Sheldon Leonard. -- Irving Levine. -- Robert Levine. -- Gavin MacLeod. -- Richard Carleton Meeker Jr. -- Richard Meeker. -- David Merrick. -- Liza Minnelli. -- Elizabeth Moore. -- George Tyler Moore. -- John Moore. -- Marjorie Hackett Moore. -- Richard Nixon. -- Jack O&apos;Brien. -- Bernadette Peters. -- Elvis Presley. -- Arthur Price. -- Robert Redford. -- Carl Reiner. -- John Rich. -- Rose Marie. -- Glen Ross. -- Jay Sandrich. -- Gloria Steinem. -- Elizabeth Taylor. -- Danny Thomas. -- Grant Tinker. -- Dick Van Dyke. -- Lew Wasserman. -- Ethel Winant.</subfield></datafield><datafield ind1='1' ind2='0' tag='600'><subfield code='a'>Moore, Mary Tyler,</subfield><subfield code='d'>1936-2017</subfield></datafield><datafield ind1=' ' ind2='0' tag='650'><subfield code='a'>Entertainers</subfield><subfield code='z'>United States</subfield><subfield code='v'>Biography</subfield></datafield><datafield ind1=' ' ind2='7' tag='655'><subfield code='a'>Biographies</subfield><subfield code='2'>fast</subfield></datafield><datafield ind1=' ' ind2='7' tag='648'><subfield code='a'>1900-1999</subfield><subfield code='2'>fast</subfield></datafield><datafield ind1='1' ind2=' ' tag='583'><subfield code='a'>committed to retain</subfield><subfield code='c'>20181001</subfield><subfield code='d'>in perpetuity</subfield><subfield code='f'>ReCAP Shared Collection</subfield><subfield code='5'>HUL</subfield><subfield code='8'>221978583390003941</subfield></datafield><datafield ind1='0' ind2=' ' tag='852'><subfield code='c'>HD</subfield><subfield code='h'>PN2287.M697</subfield><subfield code='i'>A3 1995</subfield><subfield code='0'>12871769</subfield><subfield code='b'>scsbhl</subfield></datafield><datafield ind1=' ' ind2=' ' tag='876'><subfield code='0'>12871769</subfield><subfield code='a'>18665688</subfield><subfield code='h'> </subfield><subfield code='j'>Available</subfield><subfield code='k'>WID</subfield><subfield code='p'>32044109995415</subfield><subfield code='x'>Shared</subfield><subfield code='z'>HW</subfield><subfield code='l'>HD</subfield></datafield></record>