
<record><leader>01880cam a2200325ua 4500</leader><controlfield tag='001'>SCSB-3409251</controlfield><controlfield tag='003'>NNC</controlfield><controlfield tag='005'>20220609013025.0</controlfield><controlfield tag='008'>830119s1863    stkfh         000 0deng d</controlfield><controlfield tag='009'>1863497</controlfield><datafield ind1=' ' ind2=' ' tag='035'><subfield code='a'>(OCoLC)ocm13600074</subfield></datafield><datafield ind1=' ' ind2=' ' tag='035'><subfield code='9'>ALV1562CU</subfield></datafield><datafield ind1=' ' ind2=' ' tag='035'><subfield code='a'>(NNC)1863497</subfield></datafield><datafield ind1=' ' ind2=' ' tag='035'><subfield code='a'>1863497</subfield></datafield><datafield ind1=' ' ind2=' ' tag='040'><subfield code='a'>PAU</subfield><subfield code='c'>PAU</subfield><subfield code='d'>ZCU</subfield></datafield><datafield ind1=' ' ind2=' ' tag='043'><subfield code='a'>e-uk-st</subfield></datafield><datafield ind1='1' ind2=' ' tag='100'><subfield code='a'>Lithgow, William,</subfield><subfield code='d'>1582-1645?</subfield><subfield code='0'>http://id.loc.gov/authorities/names/n87861471</subfield></datafield><datafield ind1='1' ind2='4' tag='245'><subfield code='a'>The poetical remains of William Lithgow, the Scotish traveller :</subfield><subfield code='b'>M.DC.XVIII.-M.DC.LX. /</subfield><subfield code='c'>now first collected.</subfield></datafield><datafield ind1=' ' ind2=' ' tag='260'><subfield code='a'>Edinburgh :</subfield><subfield code='b'>Thomas George Stevenson ...,</subfield><subfield code='c'>1863.</subfield></datafield><datafield ind1=' ' ind2=' ' tag='300'><subfield code='a'>liv pages, 64 unnumbered pages, 8 pages, 64 unnumbered pages (the last two blank), 100 unnumbered pages, 24 unnumbered pages, 12 pages, 2 unnumbered leaves of plates :</subfield><subfield code='b'>illustrations, facsimiles ;</subfield><subfield code='c'>23 cm</subfield></datafield><datafield ind1=' ' ind2=' ' tag='336'><subfield code='a'>text</subfield><subfield code='b'>txt</subfield><subfield code='2'>rdacontent</subfield></datafield><datafield ind1=' ' ind2=' ' tag='337'><subfield code='a'>unmediated</subfield><subfield code='b'>n</subfield><subfield code='2'>rdamedia</subfield></datafield><datafield ind1=' ' ind2=' ' tag='500'><subfield code='a'>&quot;Prefatory remarks&quot; signed by the editor: J.M., i.e. James Maidment.</subfield></datafield><datafield ind1=' ' ind2=' ' tag='500'><subfield code='a'>&quot;Limited to one hundred copies.&quot;</subfield></datafield><datafield ind1=' ' ind2=' ' tag='500'><subfield code='a'>Advertisements on leaf inserted before half title.</subfield></datafield><datafield ind1='0' ind2=' ' tag='505'><subfield code='a'>The pilgrimes farewell to his natiue countrey of Scotland, 1618 -- Scotland\u0027s tears in his countreyes behalf, 1625 -- Scotlands welcome to her native sonne and soveraigne lord King Charles, 1633 -- The gushing teares of godly sorrow, 1640 -- A briefe and summarie discourse upon that lamentable and dreadfull disaster at Dunglasse, 1640 -- Scotlands paraenesis to her dread soveraign King Charles the Second, 1660.</subfield></datafield><datafield ind1='0' ind2='0' tag='600'><subfield code='a'>Charles</subfield><subfield code='b'>I,</subfield><subfield code='c'>King of England,</subfield><subfield code='d'>1600-1649.</subfield><subfield code='0'>http://id.loc.gov/authorities/names/n79132433</subfield></datafield><datafield ind1='0' ind2='0' tag='600'><subfield code='a'>Charles</subfield><subfield code='b'>II,</subfield><subfield code='c'>King of England,</subfield><subfield code='d'>1630-1685.</subfield><subfield code='0'>http://id.loc.gov/authorities/names/n79074258</subfield></datafield><datafield ind1='1' ind2=' ' tag='700'><subfield code='a'>Maidment, James,</subfield><subfield code='d'>1793-1879.</subfield><subfield code='0'>http://id.loc.gov/authorities/names/n50037883</subfield></datafield><datafield ind1='8' ind2='0' tag='852'><subfield code='h'>823L71 L</subfield><subfield code='0'>3394432</subfield><subfield code='b'>scsbcul</subfield></datafield><datafield ind1=' ' ind2=' ' tag='876'><subfield code='0'>3394432</subfield><subfield code='a'>5124297</subfield><subfield code='h'> </subfield><subfield code='j'>Available</subfield><subfield code='p'>CU58496181</subfield><subfield code='t'>1</subfield><subfield code='x'>Shared</subfield><subfield code='z'>CU</subfield><subfield code='l'>RECAP</subfield></datafield></record>