
<record><leader>00670nam a22002057a 4500</leader><controlfield tag='001'>SCSB-12541437</controlfield><controlfield tag='005'>20020606163548.3</controlfield><controlfield tag='008'>960528s1995    xo            00||||slo|d</controlfield><controlfield tag='009'>990068404870203941</controlfield><datafield ind1=' ' ind2=' ' tag='020'><subfield code='a'>8070903309</subfield></datafield><datafield ind1=' ' ind2=' ' tag='035'><subfield code='a'>(MH)006840487HVD01-Aleph</subfield></datafield><datafield ind1=' ' ind2=' ' tag='035'><subfield code='a'>(OCoLC)37864460</subfield></datafield><datafield ind1='1' ind2=' ' tag='100'><subfield code='a'>Novotný, Bohuslav.</subfield></datafield><datafield ind1='1' ind2='0' tag='245'><subfield code='a'>Slovom a mečom :</subfield><subfield code='b'>Slovensko v rímskej dobe /</subfield><subfield code='c'>Bohuslav Novotný.</subfield></datafield><datafield ind1=' ' ind2=' ' tag='260'><subfield code='a'>Martin :</subfield><subfield code='b'>Vyd-vo Matice slovenskej,</subfield><subfield code='c'>1995.</subfield></datafield><datafield ind1=' ' ind2=' ' tag='300'><subfield code='a'>152 p., [8] p. of plates :</subfield><subfield code='b'>ill. (some col.)</subfield></datafield><datafield ind1=' ' ind2=' ' tag='546'><subfield code='a'>Summary in English and German.</subfield></datafield><datafield ind1=' ' ind2=' ' tag='504'><subfield code='a'>Includes bibliographical references.</subfield></datafield><datafield ind1=' ' ind2='0' tag='651'><subfield code='a'>Slovakia</subfield><subfield code='x'>Antiquities.</subfield></datafield><datafield ind1=' ' ind2='0' tag='651'><subfield code='a'>Slovakia</subfield><subfield code='x'>Civilization</subfield><subfield code='x'>Foreign influences.</subfield></datafield><datafield ind1='1' ind2=' ' tag='583'><subfield code='a'>committed to retain</subfield><subfield code='c'>20181001</subfield><subfield code='d'>in perpetuity</subfield><subfield code='f'>ReCAP Shared Collection</subfield><subfield code='5'>HUL</subfield><subfield code='8'>222005696030003941</subfield></datafield><datafield ind1='1' ind2=' ' tag='583'><subfield code='a'>committed to retain</subfield><subfield code='c'>20170930</subfield><subfield code='d'>20421231</subfield><subfield code='f'>HathiTrust</subfield><subfield code='5'>HUL</subfield><subfield code='8'>222005696030003941</subfield></datafield><datafield ind1='0' ind2=' ' tag='852'><subfield code='c'>HD</subfield><subfield code='8'>222005696030003941</subfield><subfield code='0'>13382340</subfield><subfield code='b'>scsbhl</subfield></datafield><datafield ind1=' ' ind2=' ' tag='876'><subfield code='0'>13382340</subfield><subfield code='a'>19195953</subfield><subfield code='j'>Available</subfield><subfield code='k'>WID</subfield><subfield code='p'>HN8L1X</subfield><subfield code='x'>Shared</subfield><subfield code='z'>HW</subfield><subfield code='l'>HD</subfield></datafield></record>