
<record><leader>00475nam a2200181ua 4500</leader><controlfield tag='001'>SCSB-12900386</controlfield><controlfield tag='005'>20020606090541.3</controlfield><controlfield tag='008'>830926s1980    sz            000 1 ger d</controlfield><controlfield tag='009'>990003542360203941</controlfield><datafield ind1=' ' ind2=' ' tag='020'><subfield code='a'>3857910259</subfield></datafield><datafield ind1=' ' ind2=' ' tag='035'><subfield code='a'>(OCoLC)13601764</subfield></datafield><datafield ind1=' ' ind2=' ' tag='040'><subfield code='a'>PAU</subfield><subfield code='c'>PAU</subfield><subfield code='d'>m/c</subfield><subfield code='d'>HLS</subfield></datafield><datafield ind1=' ' ind2='4' tag='050'><subfield code='a'>PT2688.O6</subfield><subfield code='b'>C65 1980</subfield></datafield><datafield ind1='1' ind2=' ' tag='100'><subfield code='a'>Zopfi, Emil</subfield></datafield><datafield ind1='1' ind2='0' tag='245'><subfield code='a'>Computer für tausendundeine Nacht :</subfield><subfield code='b'>Roman /</subfield><subfield code='c'>Emil Zopfi.</subfield></datafield><datafield ind1=' ' ind2=' ' tag='260'><subfield code='a'>Zürich :</subfield><subfield code='b'>Limmat,</subfield><subfield code='c'>c1980.</subfield></datafield><datafield ind1=' ' ind2=' ' tag='300'><subfield code='a'>213 p. ;</subfield><subfield code='c'>21 cm.</subfield></datafield><datafield ind1=' ' ind2='0' tag='650'><subfield code='a'>Real property</subfield><subfield code='z'>England</subfield><subfield code='z'>Shropshire.</subfield></datafield><datafield ind1=' ' ind2='0' tag='650'><subfield code='a'>Land tenure</subfield><subfield code='z'>England</subfield><subfield code='z'>Shropshire.</subfield></datafield><datafield ind1=' ' ind2='0' tag='651'><subfield code='a'>Shropshire (England)</subfield><subfield code='x'>History</subfield><subfield code='x'>Sources.</subfield></datafield><datafield ind1=' ' ind2='7' tag='655'><subfield code='a'>History</subfield><subfield code='2'>fast</subfield><subfield code='0'>(OCoLC)fst01411628</subfield></datafield><datafield ind1=' ' ind2='7' tag='655'><subfield code='a'>Sources</subfield><subfield code='2'>fast</subfield><subfield code='0'>(OCoLC)fst01423900</subfield></datafield><datafield ind1='1' ind2=' ' tag='583'><subfield code='a'>committed to retain</subfield><subfield code='c'>20181001</subfield><subfield code='d'>in perpetuity</subfield><subfield code='f'>ReCAP Shared Collection</subfield><subfield code='5'>HUL</subfield><subfield code='8'>221757199550003941</subfield></datafield><datafield ind1='0' ind2=' ' tag='852'><subfield code='c'>HD</subfield><subfield code='0'>13751956</subfield><subfield code='b'>scsbhl</subfield></datafield><datafield ind1=' ' ind2=' ' tag='876'><subfield code='0'>13751956</subfield><subfield code='a'>19581394</subfield><subfield code='h'> </subfield><subfield code='j'>Available</subfield><subfield code='k'>WID</subfield><subfield code='p'>HW0NHF</subfield><subfield code='x'>Shared</subfield><subfield code='z'>HW</subfield><subfield code='l'>HD</subfield></datafield></record>