
<record><leader>01028nam a2200301ua 4500</leader><controlfield tag='001'>SCSB-7729148</controlfield><controlfield tag='003'>CStRLIN</controlfield><controlfield tag='005'>19990224074349.0</controlfield><controlfield tag='008'>940823c19921969sz a          000 0 ger d</controlfield><controlfield tag='009'>.b119677647</controlfield><datafield ind1=' ' ind2=' ' tag='020'><subfield code='a'>3717513125 Gewebe</subfield></datafield><datafield ind1=' ' ind2=' ' tag='020'><subfield code='a'>3717513133 Ldr.</subfield></datafield><datafield ind1=' ' ind2=' ' tag='040'><subfield code='a'>NN</subfield><subfield code='c'>NN</subfield><subfield code='d'>CStRLIN</subfield><subfield code='d'>WaOLN</subfield></datafield><datafield ind1='1' ind2=' ' tag='041'><subfield code='a'>ger</subfield><subfield code='h'>per</subfield></datafield><datafield ind1='0' ind2=' ' tag='130'><subfield code='a'>Arabian nights.</subfield><subfield code='l'>German.</subfield></datafield><datafield ind1='1' ind2='0' tag='245'><subfield code='a'>Neue Liebesgeschichten aus Tausendundeine Nacht /</subfield><subfield code='c'>erstmals den persischen Quellen nacherzahlt von Rudolf Gelpke ; mit Zeichnungen von Otto Bachmann.</subfield></datafield><datafield ind1=' ' ind2=' ' tag='250'><subfield code='a'>5. Aufl.</subfield></datafield><datafield ind1=' ' ind2=' ' tag='260'><subfield code='a'>Zurich :</subfield><subfield code='b'>Manesse Verlag,</subfield><subfield code='c'>c1992, c1969.</subfield></datafield><datafield ind1=' ' ind2=' ' tag='300'><subfield code='a'>695 p. :</subfield><subfield code='b'>ill. ;</subfield><subfield code='c'>16 cm.</subfield></datafield><datafield ind1='0' ind2=' ' tag='490'><subfield code='a'>Manesse Bibliothek der Weltliteratur</subfield></datafield><datafield ind1='1' ind2=' ' tag='700'><subfield code='a'>Gelpke, Rudolf.</subfield></datafield><datafield ind1='1' ind2=' ' tag='700'><subfield code='a'>Bachmann, Otto,</subfield><subfield code='d'>1915-</subfield></datafield><datafield ind1=' ' ind2=' ' tag='907'><subfield code='a'>.b119677647</subfield><subfield code='c'>m</subfield><subfield code='d'>a</subfield><subfield code='e'>-</subfield><subfield code='f'>ger</subfield><subfield code='g'>sz</subfield><subfield code='h'>0</subfield><subfield code='i'>1</subfield></datafield><datafield ind1=' ' ind2=' ' tag='991'><subfield code='y'>30994367</subfield></datafield><datafield ind1=' ' ind2=' ' tag='035'><subfield code='a'>(OCoLC)30994367</subfield></datafield><datafield ind1='8' ind2=' ' tag='852'><subfield code='h'>*OFEH 94-7700</subfield><subfield code='0'>7863999</subfield><subfield code='b'>scsbnypl</subfield></datafield><datafield ind1=' ' ind2=' ' tag='876'><subfield code='0'>7863999</subfield><subfield code='a'>12897269</subfield><subfield code='j'>Not Available</subfield><subfield code='p'>33433014569705</subfield><subfield code='t'>1</subfield><subfield code='x'>Open</subfield><subfield code='z'>NA</subfield><subfield code='l'>RECAP</subfield></datafield></record>