
<record><leader>00919nam a2200241Ia 4500</leader><controlfield tag='001'>SCSB-11554270</controlfield><controlfield tag='005'>20020606093309.7</controlfield><controlfield tag='008'>890508s1969    sz a          000 0 ger d</controlfield><controlfield tag='009'>990027444790203941</controlfield><datafield ind1=' ' ind2=' ' tag='035'><subfield code='a'>(OCoLC)19676339</subfield><subfield code='z'>(OCoLC)79897700</subfield></datafield><datafield ind1=' ' ind2=' ' tag='040'><subfield code='a'>WES</subfield><subfield code='c'>WES</subfield><subfield code='d'>HLS</subfield></datafield><datafield ind1='1' ind2=' ' tag='041'><subfield code='a'>ger</subfield><subfield code='h'>ara</subfield></datafield><datafield ind1='1' ind2='4' tag='050'><subfield code='a'>PJ7723</subfield><subfield code='b'>.G4 1969</subfield></datafield><datafield ind1='0' ind2=' ' tag='130'><subfield code='a'>Arabian nights.</subfield><subfield code='l'>German.</subfield></datafield><datafield ind1='1' ind2='0' tag='245'><subfield code='a'>Neue Liebesgeschichten aus Tausendundeine Nacht /</subfield><subfield code='c'>Erstmals den persischen Quellen nacherzahlt von Rudolf Gelpke Mit Zeichmungen von Otto Bachmann.</subfield></datafield><datafield ind1='3' ind2=' ' tag='246'><subfield code='a'>New love stories from A thousand and one nights.</subfield></datafield><datafield ind1='3' ind2=' ' tag='246'><subfield code='a'>Thousand and one nights.</subfield></datafield><datafield ind1='3' ind2=' ' tag='246'><subfield code='a'>New love stories from A thousand and one nights</subfield></datafield><datafield ind1='3' ind2=' ' tag='246'><subfield code='a'>Thousand and one nights</subfield></datafield><datafield ind1=' ' ind2=' ' tag='260'><subfield code='a'>Zurich, Switzerland :</subfield><subfield code='b'>Manesse Verlag,</subfield><subfield code='c'>c1969.</subfield></datafield><datafield ind1=' ' ind2=' ' tag='300'><subfield code='a'>695 p. :</subfield><subfield code='b'>ill. ;</subfield><subfield code='c'>16 cm.</subfield></datafield><datafield ind1='0' ind2=' ' tag='490'><subfield code='a'>Manesse Bibliothek der Weltliteratur</subfield></datafield><datafield ind1=' ' ind2=' ' tag='500'><subfield code='a'>Title in English: New love stories from A thousand and one nights.</subfield></datafield><datafield ind1=' ' ind2='7' tag='655'><subfield code='a'>Fiction</subfield><subfield code='2'>fast</subfield></datafield><datafield ind1=' ' ind2='7' tag='655'><subfield code='a'>Fiction</subfield><subfield code='2'>lcgft</subfield></datafield><datafield ind1=' ' ind2='7' tag='655'><subfield code='a'>Romans.</subfield><subfield code='2'>rvmgf</subfield></datafield><datafield ind1='1' ind2=' ' tag='700'><subfield code='a'>Gelpke, Rudolf,</subfield><subfield code='d'>1928-1972.</subfield></datafield><datafield ind1='1' ind2=' ' tag='700'><subfield code='a'>Bachmann, Otto,</subfield><subfield code='d'>1915-</subfield></datafield><datafield ind1='1' ind2=' ' tag='583'><subfield code='a'>committed to retain</subfield><subfield code='c'>20181001</subfield><subfield code='d'>in perpetuity</subfield><subfield code='f'>ReCAP Shared Collection</subfield><subfield code='5'>HUL</subfield><subfield code='8'>221855884920003941</subfield></datafield><datafield ind1='7' ind2=' ' tag='852'><subfield code='2'>ZHCL</subfield><subfield code='c'>HD</subfield><subfield code='h'>27246.24.30</subfield><subfield code='0'>12366479</subfield><subfield code='b'>scsbhl</subfield></datafield><datafield ind1=' ' ind2=' ' tag='876'><subfield code='0'>12366479</subfield><subfield code='a'>18140244</subfield><subfield code='h'> </subfield><subfield code='j'>Available</subfield><subfield code='k'>WID</subfield><subfield code='p'>HWTQXT</subfield><subfield code='x'>Shared</subfield><subfield code='z'>HW</subfield><subfield code='l'>HD</subfield></datafield></record>