
<record><leader>00770nam a2200193ui 4500</leader><controlfield tag='001'>SCSB-10498380</controlfield><controlfield tag='005'>20050206161247.0</controlfield><controlfield tag='008'>950109s1950    ja            000 0 eng d</controlfield><controlfield tag='009'>990051476370203941</controlfield><datafield ind1=' ' ind2=' ' tag='035'><subfield code='a'>(OCoLC)79965821</subfield></datafield><datafield ind1=' ' ind2=' ' tag='040'><subfield code='a'>HFL</subfield><subfield code='c'>HFL</subfield></datafield><datafield ind1='2' ind2=' ' tag='110'><subfield code='a'>Kyōto Yunesuko Kyōryokukai.</subfield></datafield><datafield ind1='1' ind2='0' tag='245'><subfield code='a'>Photographic record of the Koryuji Temple /</subfield><subfield code='c'>Kyoto Unesco Cooperative Association.</subfield></datafield><datafield ind1=' ' ind2=' ' tag='260'><subfield code='a'>[Kyoto :</subfield><subfield code='b'>The Association,</subfield><subfield code='c'>1950]</subfield></datafield><datafield ind1=' ' ind2=' ' tag='300'><subfield code='a'>vii, 13 p. ;</subfield><subfield code='c'>26 cm.</subfield></datafield><datafield ind1=' ' ind2=' ' tag='500'><subfield code='a'>Cover title.</subfield></datafield><datafield ind1=' ' ind2=' ' tag='500'><subfield code='a'>The special edition of the photographs of the treasures of the Koryuji, of which this is a listing, is limited to ten sets. One of these may be found in the Museum of Fine Arts in Boston.</subfield></datafield><datafield ind1=' ' ind2=' ' tag='500'><subfield code='a'>&quot;Notes on the photographs&quot; lists 188 plates.</subfield></datafield><datafield ind1='2' ind2='0' tag='610'><subfield code='a'>Kōryūji (Kyoto, Japan)</subfield></datafield><datafield ind1='1' ind2=' ' tag='583'><subfield code='a'>committed to retain</subfield><subfield code='c'>20181001</subfield><subfield code='d'>in perpetuity</subfield><subfield code='f'>ReCAP Shared Collection</subfield><subfield code='5'>HUL</subfield><subfield code='8'>221931196580003941</subfield></datafield><datafield ind1='7' ind2=' ' tag='852'><subfield code='2'>ZHCL</subfield><subfield code='c'>HD</subfield><subfield code='h'>FA1805.507.2</subfield><subfield code='0'>11279452</subfield><subfield code='b'>scsbhl</subfield></datafield><datafield ind1=' ' ind2=' ' tag='876'><subfield code='0'>11279452</subfield><subfield code='a'>17010983</subfield><subfield code='h'> </subfield><subfield code='j'>Available</subfield><subfield code='k'>FAL</subfield><subfield code='p'>FL2ZJT</subfield><subfield code='x'>Shared</subfield><subfield code='z'>FL</subfield><subfield code='l'>HD</subfield></datafield></record>