
<record><leader>00000cam a22002174a 4500</leader><controlfield tag='001'>SCSB-12643580</controlfield><controlfield tag='005'>20050308095300.0</controlfield><controlfield tag='008'>040512s2004    utua          001 0 eng  </controlfield><controlfield tag='009'>990095894630203941</controlfield><datafield ind1=' ' ind2=' ' tag='010'><subfield code='a'>^^2004011231</subfield></datafield><datafield ind1=' ' ind2=' ' tag='020'><subfield code='a'>159038346X (hardbound : alk. paper)</subfield></datafield><datafield ind1=' ' ind2=' ' tag='035'><subfield code='a'>(OCoLC)55494912</subfield></datafield><datafield ind1=' ' ind2=' ' tag='040'><subfield code='a'>DLC</subfield><subfield code='c'>DLC</subfield><subfield code='d'>DLC</subfield></datafield><datafield ind1=' ' ind2=' ' tag='042'><subfield code='a'>pcc</subfield></datafield><datafield ind1='0' ind2='0' tag='050'><subfield code='a'>BX8643.T4</subfield><subfield code='b'>B87 2004</subfield></datafield><datafield ind1='0' ind2='0' tag='082'><subfield code='a'>246/.9589332</subfield><subfield code='2'>22</subfield></datafield><datafield ind1='1' ind2=' ' tag='100'><subfield code='a'>Busath, Don</subfield></datafield><datafield ind1='1' ind2='0' tag='245'><subfield code='a'>Temples :</subfield><subfield code='b'>a photographic journey of temples, lands, and people /</subfield><subfield code='c'>Don Busath.</subfield></datafield><datafield ind1=' ' ind2=' ' tag='260'><subfield code='a'>Salt Lake City, Utah :</subfield><subfield code='b'>Deseret Book,</subfield><subfield code='c'>c2004.</subfield></datafield><datafield ind1=' ' ind2=' ' tag='300'><subfield code='a'>141 p. :</subfield><subfield code='b'>col. ill. ;</subfield><subfield code='c'>29 cm.</subfield></datafield><datafield ind1=' ' ind2=' ' tag='500'><subfield code='a'>Includes index.</subfield></datafield><datafield ind1='0' ind2=' ' tag='505'><subfield code='a'>Nauvoo Illinois temple -- St. George Utah temple -- Salt Lake temple -- Ogden Utah temple -- Laie Hawaii temple -- Manti Utah temple -- Logan Utah temple -- Mexico city Mexico temple -- Cardston Alberta temple -- Bern Switzerland temple -- Los Angeles California temple -- Idaho falls Idaho temple -- London England temple -- Mesa Arizona temple -- Oakland California temple -- Seattle Washington temple -- Atlanta Georgia temple -- Winter Quarters Nebraska temple -- St. Louis Missouri temple -- Portland Oregon temple -- Freiberg Germany temple -- Provo Utah temple -- Albuquerque New Mexico temple -- Washington D.C. temple -- Colonia Juárez Chihuahua Mexico temple -- Jordan River Utah temple -- Montréal Québec temple -- Preston England temple -- Columbia River Washington temple -- Seoul Korea temple -- Denver Colorado temple -- Campinas Brazil temple -- Monticello Utah temple -- The Hague Netherlands temple -- Snowflake Arizona temple -- San Diego California temple -- Redlands California temple Ciudad Juárez Mexico temple -- Boise Idaho temple -- Mount Timpanogos Utah temple -- Las Vegas Nevada temple -- Boston Massachusetts temple -- Tokyo Japan temple -- Accra Ghana temple -- Background on the Freiberg Germany temple.</subfield></datafield><datafield ind1=' ' ind2='0' tag='650'><subfield code='a'>Latter Day Saint temples</subfield><subfield code='v'>Pictorial works.</subfield></datafield><datafield ind1=' ' ind2='7' tag='655'><subfield code='a'>Pictorial works</subfield><subfield code='2'>fast</subfield><subfield code='0'>(OCoLC)fst01423874</subfield></datafield><datafield ind1='1' ind2=' ' tag='583'><subfield code='a'>committed to retain</subfield><subfield code='c'>20181001</subfield><subfield code='d'>in perpetuity</subfield><subfield code='f'>ReCAP Shared Collection</subfield><subfield code='5'>HUL</subfield><subfield code='8'>222085510880003941</subfield></datafield><datafield ind1='0' ind2=' ' tag='852'><subfield code='c'>HD</subfield><subfield code='h'>BX8643.T4</subfield><subfield code='i'>B87 2004</subfield><subfield code='0'>13487335</subfield><subfield code='b'>scsbhl</subfield></datafield><datafield ind1=' ' ind2=' ' tag='876'><subfield code='0'>13487335</subfield><subfield code='a'>19305865</subfield><subfield code='h'> </subfield><subfield code='j'>Available</subfield><subfield code='k'>WID</subfield><subfield code='p'>HXX4BE</subfield><subfield code='x'>Shared</subfield><subfield code='z'>HW</subfield><subfield code='l'>HD</subfield></datafield></record>