
<record><leader>01219cam a2200337   4500</leader><controlfield tag='001'>SCSB-4204767</controlfield><controlfield tag='003'>NNC</controlfield><controlfield tag='005'>20221019224223.0</controlfield><controlfield tag='008'>770211s1937    ii a          001 0 eng  </controlfield><controlfield tag='009'>3122840</controlfield><datafield ind1=' ' ind2=' ' tag='010'><subfield code='a'>   38015946 </subfield></datafield><datafield ind1=' ' ind2=' ' tag='035'><subfield code='a'>(OCoLC)ocm02735181</subfield></datafield><datafield ind1=' ' ind2=' ' tag='035'><subfield code='9'>ATV5203CU</subfield></datafield><datafield ind1=' ' ind2=' ' tag='035'><subfield code='a'>(NNC)3122840</subfield></datafield><datafield ind1=' ' ind2=' ' tag='035'><subfield code='a'>3122840</subfield></datafield><datafield ind1=' ' ind2=' ' tag='040'><subfield code='a'>DLC</subfield><subfield code='c'>IBS</subfield><subfield code='d'>OCLCQ</subfield><subfield code='d'>ZCU</subfield></datafield><datafield ind1=' ' ind2=' ' tag='043'><subfield code='a'>a-ii---</subfield></datafield><datafield ind1='0' ind2='0' tag='050'><subfield code='a'>NA6001</subfield><subfield code='b'>.M6513 1937</subfield></datafield><datafield ind1='0' ind2=' ' tag='082'><subfield code='a'>726.1</subfield></datafield><datafield ind1=' ' ind2=' ' tag='099'><subfield code='a'>AA</subfield><subfield code='a'>1501</subfield><subfield code='a'>B83</subfield></datafield><datafield ind1='1' ind2=' ' tag='100'><subfield code='a'>Monod, Odette.</subfield><subfield code='0'>http://id.loc.gov/authorities/names/no2007114636</subfield></datafield><datafield ind1='1' ind2='0' tag='245'><subfield code='a'>Indian temples /</subfield><subfield code='c'>136 photographs chosen and annotated by Odette Bruhl; with a preface by Sylvain Lévi.</subfield></datafield><datafield ind1=' ' ind2=' ' tag='260'><subfield code='a'>[Calcutta] :</subfield><subfield code='b'>H. Milford, Oxford University Press,</subfield><subfield code='c'>1937.</subfield></datafield><datafield ind1=' ' ind2=' ' tag='300'><subfield code='a'>viii pages, 8 unnumbered pages :</subfield><subfield code='b'>illustrations ;</subfield><subfield code='c'>26 cm</subfield></datafield><datafield ind1=' ' ind2=' ' tag='336'><subfield code='a'>text</subfield><subfield code='b'>txt</subfield><subfield code='2'>rdacontent</subfield></datafield><datafield ind1=' ' ind2=' ' tag='337'><subfield code='a'>unmediated</subfield><subfield code='b'>n</subfield><subfield code='2'>rdamedia</subfield></datafield><datafield ind1=' ' ind2=' ' tag='500'><subfield code='a'>Translated by Roy Hawkins.</subfield></datafield><datafield ind1=' ' ind2='0' tag='650'><subfield code='a'>Temples</subfield><subfield code='z'>India.</subfield><subfield code='0'>http://id.loc.gov/authorities/subjects/sh2001009170</subfield></datafield><datafield ind1=' ' ind2='0' tag='650'><subfield code='a'>Sculpture</subfield><subfield code='z'>India.</subfield><subfield code='0'>http://id.loc.gov/authorities/subjects/sh85119021</subfield></datafield><datafield ind1='1' ind2=' ' tag='700'><subfield code='a'>Lévi, Sylvain,</subfield><subfield code='d'>1863-1935.</subfield><subfield code='0'>http://id.loc.gov/authorities/names/n88189076</subfield></datafield><datafield ind1='8' ind2='0' tag='852'><subfield code='h'>AA1501 B83</subfield><subfield code='0'>4217425</subfield><subfield code='b'>scsbcul</subfield></datafield><datafield ind1=' ' ind2=' ' tag='876'><subfield code='0'>4217425</subfield><subfield code='a'>6103130</subfield><subfield code='h'>In Library Use</subfield><subfield code='j'>Available</subfield><subfield code='p'>AR53757270</subfield><subfield code='t'>1</subfield><subfield code='x'>Shared</subfield><subfield code='z'>AR</subfield><subfield code='l'>RECAP</subfield></datafield></record>