
<record><leader>01244cam a2200349 i 4500</leader><controlfield tag='001'>SCSB-2616479</controlfield><controlfield tag='003'>NNC</controlfield><controlfield tag='005'>20220525214153.0</controlfield><controlfield tag='008'>880414s1977    ii af        s000 0 eng  </controlfield><controlfield tag='009'>640889</controlfield><datafield ind1=' ' ind2=' ' tag='010'><subfield code='a'>   78903887 </subfield></datafield><datafield ind1=' ' ind2=' ' tag='035'><subfield code='a'>(OCoLC)4776270</subfield></datafield><datafield ind1=' ' ind2=' ' tag='035'><subfield code='a'>(OCoLC)ocm04776270</subfield></datafield><datafield ind1=' ' ind2=' ' tag='035'><subfield code='a'>(CStRLIN)NYCG88-B26641</subfield></datafield><datafield ind1=' ' ind2=' ' tag='035'><subfield code='9'>ACU7602CU</subfield></datafield><datafield ind1=' ' ind2=' ' tag='035'><subfield code='a'>(NNC)640889</subfield></datafield><datafield ind1=' ' ind2=' ' tag='035'><subfield code='a'>640889</subfield></datafield><datafield ind1=' ' ind2=' ' tag='043'><subfield code='a'>a-ii---</subfield></datafield><datafield ind1='0' ind2='0' tag='050'><subfield code='a'>DS486.A616</subfield><subfield code='b'>R33</subfield></datafield><datafield ind1='0' ind2=' ' tag='082'><subfield code='a'>779/.9/954552</subfield></datafield><datafield ind1=' ' ind2=' ' tag='090'><subfield code='a'>DS486.A616</subfield><subfield code='b'>R33</subfield></datafield><datafield ind1='1' ind2=' ' tag='100'><subfield code='a'>Rai, Raghu,</subfield><subfield code='d'>1942-</subfield><subfield code='0'>http://id.loc.gov/authorities/names/n81131620</subfield></datafield><datafield ind1='1' ind2='0' tag='245'><subfield code='a'>Amritsar, city of the golden temple /</subfield><subfield code='c'>photographed by Raghu Rai.</subfield></datafield><datafield ind1=' ' ind2=' ' tag='260'><subfield code='a'>[Chandigarh] :</subfield><subfield code='b'>Director, Public Relations, Punjab,</subfield><subfield code='c'>[pref. 1977]</subfield></datafield><datafield ind1=' ' ind2=' ' tag='300'><subfield code='a'>18 pages, 34 unnumbered leaves of plates :</subfield><subfield code='b'>illustrations ;</subfield><subfield code='c'>28 cm</subfield></datafield><datafield ind1=' ' ind2=' ' tag='336'><subfield code='a'>text</subfield><subfield code='2'>rdacontent</subfield></datafield><datafield ind1=' ' ind2=' ' tag='337'><subfield code='a'>unmediated</subfield><subfield code='2'>rdamedia</subfield></datafield><datafield ind1=' ' ind2=' ' tag='338'><subfield code='a'>volume</subfield><subfield code='2'>rdacarrier</subfield></datafield><datafield ind1=' ' ind2=' ' tag='500'><subfield code='a'>Text by Harbans Singh and Gurbachan Singh Talib.</subfield></datafield><datafield ind1=' ' ind2='0' tag='651'><subfield code='a'>Amritsar (India)</subfield><subfield code='x'>Description and travel.</subfield></datafield><datafield ind1='0' ind2=' ' tag='700'><subfield code='a'>Harbans Singh,</subfield><subfield code='d'>1921-1998.</subfield><subfield code='0'>http://id.loc.gov/authorities/names/n50024744</subfield></datafield><datafield ind1='1' ind2=' ' tag='700'><subfield code='a'>Talib, Gurbachan Singh,</subfield><subfield code='d'>1911-1986.</subfield><subfield code='0'>http://id.loc.gov/authorities/names/n50009562</subfield></datafield><datafield ind1='0' ind2='0' tag='852'><subfield code='h'>DS486.A616 R33</subfield><subfield code='0'>2594059</subfield><subfield code='b'>scsbcul</subfield></datafield><datafield ind1=' ' ind2=' ' tag='876'><subfield code='0'>2594059</subfield><subfield code='a'>4144994</subfield><subfield code='h'> </subfield><subfield code='j'>Available</subfield><subfield code='p'>CU52689263</subfield><subfield code='t'>1</subfield><subfield code='x'>Shared</subfield><subfield code='z'>CU</subfield><subfield code='l'>RECAP</subfield></datafield></record>