
<record><leader>01116nam a2200337 a 4500</leader><controlfield tag='001'>SCSB-10193142</controlfield><controlfield tag='005'>20071015195830.0</controlfield><controlfield tag='008'>880822s1946    ii af    b    00110 eng c</controlfield><controlfield tag='009'>990015350450203941</controlfield><datafield ind1=' ' ind2=' ' tag='010'><subfield code='a'>a^^48003819^</subfield></datafield><datafield ind1=' ' ind2=' ' tag='035'><subfield code='a'>(OCoLC)616392</subfield><subfield code='z'>(OCoLC)152075339</subfield><subfield code='z'>(OCoLC)219987550</subfield><subfield code='z'>(OCoLC)940995036</subfield><subfield code='z'>(OCoLC)1008214611</subfield><subfield code='z'>(OCoLC)1132894030</subfield><subfield code='z'>(OCoLC)1170265112</subfield></datafield><datafield ind1=' ' ind2=' ' tag='040'><subfield code='a'>New York. Public Libr.</subfield><subfield code='c'>CSU</subfield><subfield code='d'>m.c.</subfield></datafield><datafield ind1=' ' ind2=' ' tag='043'><subfield code='a'>a-ii---</subfield></datafield><datafield ind1=' ' ind2='4' tag='050'><subfield code='a'>BL1227.A1</subfield><subfield code='b'>K73</subfield></datafield><datafield ind1='1' ind2=' ' tag='100'><subfield code='a'>Kramrisch, Stella,</subfield><subfield code='d'>1898-1993</subfield></datafield><datafield ind1='1' ind2='4' tag='245'><subfield code='a'>The Hindu temple /</subfield><subfield code='c'>by Stella Kramrisch ; photographs by Raymond Burnier.</subfield></datafield><datafield ind1=' ' ind2=' ' tag='260'><subfield code='a'>Calcutta :</subfield><subfield code='b'>University of Calcutta,</subfield><subfield code='c'>1946.</subfield></datafield><datafield ind1=' ' ind2=' ' tag='300'><subfield code='a'>2 v. (xi, 466 p., lxxx leaves of plates) :</subfield><subfield code='b'>ill. ;</subfield><subfield code='c'>30 cm.</subfield></datafield><datafield ind1=' ' ind2=' ' tag='504'><subfield code='a'>Bibliography: v. 2, p. 437-442.</subfield></datafield><datafield ind1=' ' ind2=' ' tag='500'><subfield code='a'>Includes index.</subfield></datafield><datafield ind1='0' ind2=' ' tag='505'><subfield code='a'>v. 1. Text.--v. 2. Text and plates.</subfield></datafield><datafield ind1=' ' ind2='0' tag='650'><subfield code='a'>Hindu temples</subfield></datafield><datafield ind1=' ' ind2='0' tag='650'><subfield code='a'>Hindu temples</subfield><subfield code='z'>India</subfield></datafield><datafield ind1=' ' ind2='0' tag='651'><subfield code='a'>India</subfield><subfield code='x'>Religion</subfield></datafield><datafield ind1=' ' ind2='7' tag='655'><subfield code='a'>Pictorial works (form)</subfield><subfield code='0'>(NL-LeOCL)088144356</subfield><subfield code='2'>gtt</subfield></datafield><datafield ind1='1' ind2=' ' tag='700'><subfield code='a'>Burnier, Raymond</subfield></datafield><datafield ind1='0' ind2='8' tag='776'><subfield code='i'>Online version:</subfield><subfield code='a'>Kramrisch, Stella, 1898-1993. https://id.oclc.org/worldcat/entity/E39PBJg8DTMQhpfJXpcvFCW7HC.</subfield><subfield code='t'>Hindu temple.</subfield><subfield code='d'>[Calcutta] Univ. of Calcutta, 1946</subfield><subfield code='w'>(OCoLC)1522966641</subfield></datafield><datafield ind1='1' ind2=' ' tag='583'><subfield code='a'>committed to retain</subfield><subfield code='c'>20181001</subfield><subfield code='d'>in perpetuity</subfield><subfield code='f'>ReCAP Shared Collection</subfield><subfield code='5'>HUL</subfield><subfield code='8'>221801712250003941</subfield></datafield><datafield ind1=' ' ind2='0' tag='966'><subfield code='8'>0</subfield><subfield code='a'>2 v.</subfield><subfield code='8'>221801712250003941</subfield></datafield><datafield ind1='8' ind2=' ' tag='852'><subfield code='c'>RUBHD</subfield><subfield code='h'>AC510 K89H c. 2</subfield><subfield code='0'>10952064</subfield><subfield code='b'>scsbhl</subfield></datafield><datafield ind1=' ' ind2=' ' tag='876'><subfield code='0'>10952064</subfield><subfield code='3'>v. 1  c. 2</subfield><subfield code='a'>16662511</subfield><subfield code='h'> </subfield><subfield code='j'>Available</subfield><subfield code='k'>FAL</subfield><subfield code='p'>FL1BWF</subfield><subfield code='x'>Shared</subfield><subfield code='z'>FL</subfield><subfield code='l'>HD</subfield></datafield><datafield ind1=' ' ind2=' ' tag='876'><subfield code='0'>10952064</subfield><subfield code='3'>v. 2  c. 2</subfield><subfield code='a'>16662512</subfield><subfield code='h'> </subfield><subfield code='j'>Not Available</subfield><subfield code='k'>FAL</subfield><subfield code='p'>FL1BWE</subfield><subfield code='x'>Shared</subfield><subfield code='z'>FL</subfield><subfield code='l'>HD</subfield></datafield><datafield ind1='8' ind2=' ' tag='852'><subfield code='c'>RUBHD</subfield><subfield code='h'>AC510 K89H</subfield><subfield code='0'>10952065</subfield><subfield code='b'>scsbhl</subfield></datafield><datafield ind1=' ' ind2=' ' tag='876'><subfield code='0'>10952065</subfield><subfield code='3'>v.2</subfield><subfield code='a'>16662513</subfield><subfield code='h'> </subfield><subfield code='j'>Available</subfield><subfield code='k'>FAL</subfield><subfield code='p'>FL2J43</subfield><subfield code='x'>Shared</subfield><subfield code='z'>FL</subfield><subfield code='l'>HD</subfield></datafield><datafield ind1=' ' ind2=' ' tag='876'><subfield code='0'>10952065</subfield><subfield code='3'>v. 1  c. 1</subfield><subfield code='a'>16662514</subfield><subfield code='h'> </subfield><subfield code='j'>Not Available</subfield><subfield code='k'>FAL</subfield><subfield code='p'>FL2J42</subfield><subfield code='x'>Shared</subfield><subfield code='z'>FL</subfield><subfield code='l'>HD</subfield></datafield></record>