
<record><leader>01086cam a22003251i 4500</leader><controlfield tag='001'>SCSB-3880287</controlfield><controlfield tag='003'>NNC</controlfield><controlfield tag='005'>20221012202415.0</controlfield><controlfield tag='008'>791004s1978    nyu      b    000 0 eng d</controlfield><controlfield tag='009'>2597926</controlfield><datafield ind1=' ' ind2=' ' tag='020'><subfield code='z'>:</subfield><subfield code='c'>$2.50</subfield></datafield><datafield ind1=' ' ind2=' ' tag='035'><subfield code='a'>(OCoLC)5467273</subfield></datafield><datafield ind1=' ' ind2=' ' tag='035'><subfield code='a'>(OCoLC)ocm05467273</subfield></datafield><datafield ind1=' ' ind2=' ' tag='035'><subfield code='9'>AQT7495CU</subfield></datafield><datafield ind1=' ' ind2=' ' tag='035'><subfield code='a'>(NNC)2597926</subfield></datafield><datafield ind1=' ' ind2=' ' tag='035'><subfield code='a'>2597926</subfield></datafield><datafield ind1=' ' ind2=' ' tag='040'><subfield code='a'>IAurC</subfield><subfield code='c'>IAurC</subfield><subfield code='d'>m.c.</subfield><subfield code='d'>FTaSU-LS</subfield><subfield code='d'>CStRLIN</subfield></datafield><datafield ind1=' ' ind2=' ' tag='090'><subfield code='a'>Z717.C43</subfield><subfield code='b'>1978</subfield></datafield><datafield ind1='1' ind2=' ' tag='100'><subfield code='a'>Chach, Maryann.</subfield><subfield code='0'>http://id.loc.gov/authorities/names/n89620793</subfield></datafield><datafield ind1='1' ind2='0' tag='245'><subfield code='a'>Film library administration :</subfield><subfield code='b'>bibliography /</subfield><subfield code='c'>compiled by Maryann Chach &amp; Carol A. Emmens.</subfield></datafield><datafield ind1=' ' ind2=' ' tag='250'><subfield code='a'>1978 rev. ed.</subfield></datafield><datafield ind1=' ' ind2=' ' tag='260'><subfield code='a'>New York :</subfield><subfield code='b'>Educational Film Library Association,</subfield><subfield code='c'>1978.</subfield></datafield><datafield ind1=' ' ind2=' ' tag='300'><subfield code='a'>30 pages ;</subfield><subfield code='c'>28 cm</subfield></datafield><datafield ind1=' ' ind2=' ' tag='336'><subfield code='a'>text</subfield><subfield code='b'>txt</subfield><subfield code='2'>rdacontent</subfield></datafield><datafield ind1=' ' ind2=' ' tag='337'><subfield code='a'>unmediated</subfield><subfield code='b'>n</subfield><subfield code='2'>rdamedia</subfield></datafield><datafield ind1=' ' ind2=' ' tag='500'><subfield code='a'>Cover title.</subfield></datafield><datafield ind1=' ' ind2='0' tag='650'><subfield code='a'>Motion picture film collections</subfield><subfield code='v'>Bibliography.</subfield></datafield><datafield ind1=' ' ind2='0' tag='650'><subfield code='a'>Audio-visual library service</subfield><subfield code='v'>Bibliography.</subfield></datafield><datafield ind1='1' ind2=' ' tag='700'><subfield code='a'>Emmens, Carol A.</subfield><subfield code='0'>http://id.loc.gov/authorities/names/n79116420</subfield></datafield><datafield ind1='0' ind2='0' tag='852'><subfield code='h'>Z717.C43 1978</subfield><subfield code='0'>3888921</subfield><subfield code='b'>scsbcul</subfield></datafield><datafield ind1=' ' ind2=' ' tag='876'><subfield code='0'>3888921</subfield><subfield code='a'>5697019</subfield><subfield code='h'> </subfield><subfield code='j'>Available</subfield><subfield code='p'>CU55639925</subfield><subfield code='t'>1</subfield><subfield code='x'>Shared</subfield><subfield code='z'>CU</subfield><subfield code='l'>RECAP</subfield></datafield></record>