
<record><leader>00423nam a2200169u  4500</leader><controlfield tag='001'>SCSB-14251268</controlfield><controlfield tag='005'>20160409013830.0</controlfield><controlfield tag='008'>920303s1962    ilu      c    000 0 eng d</controlfield><controlfield tag='009'>990025234910203941</controlfield><datafield ind1=' ' ind2=' ' tag='035'><subfield code='a'>(OCoLC)25383127</subfield></datafield><datafield ind1=' ' ind2=' ' tag='040'><subfield code='a'>HMS</subfield><subfield code='c'>HMS</subfield></datafield><datafield ind1=' ' ind2='4' tag='060'><subfield code='a'>ZW 18</subfield><subfield code='b'>A5m 1962</subfield></datafield><datafield ind1='2' ind2=' ' tag='110'><subfield code='a'>American Medical Association</subfield></datafield><datafield ind1='1' ind2='0' tag='245'><subfield code='a'>Medical-health film library.</subfield></datafield><datafield ind1=' ' ind2=' ' tag='260'><subfield code='a'>[Chicago]</subfield><subfield code='c'>1962.</subfield></datafield><datafield ind1=' ' ind2=' ' tag='300'><subfield code='a'>55 p.</subfield></datafield><datafield ind1=' ' ind2='2' tag='655'><subfield code='a'>Catalog</subfield></datafield><datafield ind1=' ' ind2='2' tag='650'><subfield code='a'>Motion Pictures</subfield></datafield><datafield ind1='1' ind2=' ' tag='583'><subfield code='a'>committed to retain</subfield><subfield code='c'>20181001</subfield><subfield code='d'>in perpetuity</subfield><subfield code='f'>ReCAP Shared Collection</subfield><subfield code='5'>HUL</subfield><subfield code='8'>221839943010003941</subfield></datafield><datafield ind1='2' ind2=' ' tag='852'><subfield code='c'>HD</subfield><subfield code='h'>ZW 18</subfield><subfield code='i'>A5m 1962</subfield><subfield code='0'>15202637</subfield><subfield code='b'>scsbhl</subfield></datafield><datafield ind1=' ' ind2=' ' tag='876'><subfield code='0'>15202637</subfield><subfield code='a'>21717766</subfield><subfield code='h'> </subfield><subfield code='j'>Available</subfield><subfield code='k'>MED</subfield><subfield code='p'>HC6EQ4</subfield><subfield code='x'>Shared</subfield><subfield code='z'>HC</subfield><subfield code='l'>HD</subfield></datafield></record>