
<record><leader>00943cam a2200277 i 4500</leader><controlfield tag='001'>SCSB-4226974</controlfield><controlfield tag='003'>NNC</controlfield><controlfield tag='005'>20221019234438.0</controlfield><controlfield tag='008'>791012s1941    nyua          000 0 eng d</controlfield><controlfield tag='009'>3156557</controlfield><datafield ind1=' ' ind2=' ' tag='035'><subfield code='a'>(OCoLC)ocm05518766</subfield></datafield><datafield ind1=' ' ind2=' ' tag='035'><subfield code='9'>ATZ4879CU</subfield></datafield><datafield ind1=' ' ind2=' ' tag='035'><subfield code='a'>3156557</subfield></datafield><datafield ind1=' ' ind2=' ' tag='040'><subfield code='a'>LRU</subfield><subfield code='c'>LRU</subfield><subfield code='d'>ZCU</subfield></datafield><datafield ind1=' ' ind2=' ' tag='043'><subfield code='a'>n-us-ny</subfield></datafield><datafield ind1=' ' ind2=' ' tag='099'><subfield code='a'>371.335</subfield><subfield code='a'>N48</subfield></datafield><datafield ind1='2' ind2=' ' tag='110'><subfield code='a'>Museum of Modern Art (New York, N.Y.).</subfield><subfield code='b'>Film Library.</subfield><subfield code='0'>http://id.loc.gov/authorities/names/nr96033767</subfield></datafield><datafield ind1='1' ind2='0' tag='245'><subfield code='a'>Film library, 1935-1941 /</subfield><subfield code='c'>Museum of Modern Art.</subfield></datafield><datafield ind1=' ' ind2=' ' tag='260'><subfield code='a'>New York :</subfield><subfield code='b'>The Museum,</subfield><subfield code='c'>1941.</subfield></datafield><datafield ind1=' ' ind2=' ' tag='300'><subfield code='a'>16 pages :</subfield><subfield code='b'>illustrations ;</subfield><subfield code='c'>24 cm.</subfield></datafield><datafield ind1=' ' ind2=' ' tag='336'><subfield code='a'>text</subfield><subfield code='b'>txt</subfield><subfield code='2'>rdacontent</subfield></datafield><datafield ind1=' ' ind2=' ' tag='337'><subfield code='a'>unmediated</subfield><subfield code='b'>n</subfield><subfield code='2'>rdamedia</subfield></datafield><datafield ind1='1' ind2=' ' tag='490'><subfield code='a'>The bulletin of the Museum of Modern Art ;</subfield><subfield code='v'>vol. 8, no. 5</subfield></datafield><datafield ind1=' ' ind2=' ' tag='500'><subfield code='a'>Caption title.</subfield></datafield><datafield ind1=' ' ind2='0' tag='830'><subfield code='a'>Bulletin of the Museum of Modern Art ;</subfield><subfield code='v'>v. 8, no. 5.</subfield><subfield code='0'>http://id.loc.gov/authorities/names/n83707362</subfield></datafield><datafield ind1='8' ind2='0' tag='852'><subfield code='h'>371.335 N48</subfield><subfield code='0'>4239843</subfield><subfield code='b'>scsbcul</subfield></datafield><datafield ind1=' ' ind2=' ' tag='876'><subfield code='0'>4239843</subfield><subfield code='a'>6131565</subfield><subfield code='h'>In Library Use</subfield><subfield code='j'>Available</subfield><subfield code='p'>CU09723102</subfield><subfield code='t'>1</subfield><subfield code='x'>Shared</subfield><subfield code='z'>CU</subfield><subfield code='l'>RECAP</subfield></datafield></record>