
<record><leader>01161cam a22003131  4500</leader><controlfield tag='001'>SCSB-4226769</controlfield><controlfield tag='003'>NNC</controlfield><controlfield tag='005'>20221019234421.0</controlfield><controlfield tag='008'>790411s1941    wvu           000 0 eng  </controlfield><controlfield tag='009'>3156275</controlfield><datafield ind1=' ' ind2=' ' tag='010'><subfield code='a'>   41012455 </subfield></datafield><datafield ind1=' ' ind2=' ' tag='035'><subfield code='a'>(OCoLC)ocm04843968</subfield></datafield><datafield ind1=' ' ind2=' ' tag='035'><subfield code='9'>ATZ4583CU</subfield></datafield><datafield ind1=' ' ind2=' ' tag='035'><subfield code='a'>3156275</subfield></datafield><datafield ind1=' ' ind2=' ' tag='040'><subfield code='a'>DLC</subfield><subfield code='c'>CLE</subfield><subfield code='d'>DLC</subfield><subfield code='d'>ZCU</subfield></datafield><datafield ind1='0' ind2='0' tag='050'><subfield code='a'>LB1044</subfield><subfield code='b'>.E38</subfield></datafield><datafield ind1='0' ind2=' ' tag='082'><subfield code='a'>371.33523</subfield></datafield><datafield ind1=' ' ind2=' ' tag='099'><subfield code='a'>371.335</subfield><subfield code='a'>EL5</subfield></datafield><datafield ind1='1' ind2=' ' tag='100'><subfield code='a'>Elliott, Godfrey M.</subfield><subfield code='q'>(Godfrey Monroe),</subfield><subfield code='d'>1908-</subfield><subfield code='0'>http://id.loc.gov/authorities/names/no00082646</subfield></datafield><datafield ind1='1' ind2='4' tag='245'><subfield code='a'>The county film library ;</subfield><subfield code='b'>a handbook on organization, administration, and maintenance /</subfield><subfield code='c'>by Godfrey Elliott.</subfield></datafield><datafield ind1=' ' ind2=' ' tag='260'><subfield code='a'>Morgantown, W. Va. :</subfield><subfield code='b'>H.L. Barr,</subfield><subfield code='c'>1941.</subfield></datafield><datafield ind1=' ' ind2=' ' tag='300'><subfield code='a'>46 numbered leaves ;</subfield><subfield code='c'>28 x 22 cm</subfield></datafield><datafield ind1=' ' ind2=' ' tag='336'><subfield code='a'>text</subfield><subfield code='b'>txt</subfield><subfield code='2'>rdacontent</subfield></datafield><datafield ind1=' ' ind2=' ' tag='337'><subfield code='a'>unmediated</subfield><subfield code='b'>n</subfield><subfield code='2'>rdamedia</subfield></datafield><datafield ind1=' ' ind2=' ' tag='500'><subfield code='a'>Reproduced from type-written copy.</subfield></datafield><datafield ind1=' ' ind2=' ' tag='504'><subfield code='a'>&quot;Useful references for the film library&quot;: leaf 44.</subfield></datafield><datafield ind1=' ' ind2='0' tag='650'><subfield code='a'>Motion pictures in education.</subfield><subfield code='0'>http://id.loc.gov/authorities/subjects/sh85088148</subfield></datafield><datafield ind1=' ' ind2='0' tag='650'><subfield code='a'>Motion picture film collections.</subfield><subfield code='0'>http://id.loc.gov/authorities/subjects/sh85088046</subfield></datafield><datafield ind1='8' ind2='0' tag='852'><subfield code='h'>371.335 EL5</subfield><subfield code='0'>4239637</subfield><subfield code='b'>scsbcul</subfield></datafield><datafield ind1=' ' ind2=' ' tag='876'><subfield code='0'>4239637</subfield><subfield code='a'>6130844</subfield><subfield code='h'> </subfield><subfield code='j'>Available</subfield><subfield code='p'>CU55950060</subfield><subfield code='t'>1</subfield><subfield code='x'>Shared</subfield><subfield code='z'>CU</subfield><subfield code='l'>RECAP</subfield></datafield></record>