
<record><leader>01059cam a22002771  4500</leader><controlfield tag='001'>SCSB-4226733</controlfield><controlfield tag='003'>NNC</controlfield><controlfield tag='005'>20221019234419.0</controlfield><controlfield tag='008'>910116r19461946xx            000 0 eng d</controlfield><controlfield tag='009'>3156236</controlfield><datafield ind1=' ' ind2=' ' tag='035'><subfield code='a'>(OCoLC)ocm22972000</subfield></datafield><datafield ind1=' ' ind2=' ' tag='035'><subfield code='9'>ATZ4543CU</subfield></datafield><datafield ind1=' ' ind2=' ' tag='035'><subfield code='a'>3156236</subfield></datafield><datafield ind1=' ' ind2=' ' tag='040'><subfield code='a'>KEI</subfield><subfield code='c'>KEI</subfield><subfield code='d'>ZCU</subfield></datafield><datafield ind1=' ' ind2=' ' tag='099'><subfield code='a'>371.335</subfield><subfield code='a'>B72</subfield></datafield><datafield ind1='1' ind2=' ' tag='100'><subfield code='a'>Bradley, John Grover,</subfield><subfield code='d'>1886-</subfield></datafield><datafield ind1='1' ind2='2' tag='245'><subfield code='a'>A national film library ;</subfield><subfield code='b'>the problem of selection. [Presented Oct. 15, 1945, at the Technical Conference in New York.</subfield></datafield><datafield ind1=' ' ind2=' ' tag='260'><subfield code='a'>[Place of publication not identified],</subfield><subfield code='c'>[1946], ©1946]</subfield></datafield><datafield ind1=' ' ind2=' ' tag='300'><subfield code='a'>64-72 pages ;</subfield><subfield code='c'>23 cm</subfield></datafield><datafield ind1=' ' ind2=' ' tag='336'><subfield code='a'>text</subfield><subfield code='b'>txt</subfield><subfield code='2'>rdacontent</subfield></datafield><datafield ind1=' ' ind2=' ' tag='337'><subfield code='a'>unmediated</subfield><subfield code='b'>n</subfield><subfield code='2'>rdamedia</subfield></datafield><datafield ind1=' ' ind2=' ' tag='500'><subfield code='a'>Caption title.</subfield></datafield><datafield ind1=' ' ind2=' ' tag='500'><subfield code='a'>&quot;Reprinted from the Journal of the Society of Motion Picture Engineers, vol. 47, no. 1, July 1946.&quot;</subfield></datafield><datafield ind1=' ' ind2='0' tag='650'><subfield code='a'>Audio-visual library service.</subfield><subfield code='0'>http://id.loc.gov/authorities/subjects/sh85009465</subfield></datafield><datafield ind1='2' ind2=' ' tag='710'><subfield code='a'>Library of Congress.</subfield><subfield code='b'>Motion Picture Section.</subfield><subfield code='0'>http://id.loc.gov/authorities/names/n78023545</subfield></datafield><datafield ind1='8' ind2='0' tag='852'><subfield code='h'>371.335 B72</subfield><subfield code='0'>4239601</subfield><subfield code='b'>scsbcul</subfield></datafield><datafield ind1=' ' ind2=' ' tag='876'><subfield code='0'>4239601</subfield><subfield code='a'>6130808</subfield><subfield code='h'>In Library Use</subfield><subfield code='j'>Available</subfield><subfield code='p'>CU02275805</subfield><subfield code='t'>1</subfield><subfield code='x'>Shared</subfield><subfield code='z'>CU</subfield><subfield code='l'>RECAP</subfield></datafield></record>