
<record><leader>00602nam a2200205u  4500</leader><controlfield tag='001'>SCSB-12552887</controlfield><controlfield tag='005'>20020606163548.3</controlfield><controlfield tag='008'>890119s1952    nyua     f    000 0 eng d</controlfield><controlfield tag='009'>990061397660203941</controlfield><datafield ind1=' ' ind2=' ' tag='035'><subfield code='a'>(MH)006139766HVD01-Aleph</subfield></datafield><datafield ind1=' ' ind2=' ' tag='035'><subfield code='a'>(OCoLC)19036516</subfield></datafield><datafield ind1=' ' ind2=' ' tag='040'><subfield code='a'>EEX</subfield><subfield code='c'>EEX</subfield><subfield code='d'>HLS</subfield></datafield><datafield ind1='2' ind2=' ' tag='110'><subfield code='a'>National Broadcasting Company</subfield></datafield><datafield ind1='0' ind2='0' tag='245'><subfield code='a'>NBC-TV film library handbook.</subfield></datafield><datafield ind1='3' ind2=' ' tag='246'><subfield code='a'>Film library handbook.</subfield></datafield><datafield ind1=' ' ind2=' ' tag='260'><subfield code='a'>[New York,</subfield><subfield code='c'>c1952]</subfield></datafield><datafield ind1=' ' ind2=' ' tag='300'><subfield code='a'>54 p.</subfield><subfield code='b'>illus.</subfield><subfield code='c'>23 cm.</subfield></datafield><datafield ind1='2' ind2='0' tag='610'><subfield code='a'>NBC Film Library, New York.</subfield></datafield><datafield ind1=' ' ind2='0' tag='650'><subfield code='a'>Subject headings</subfield><subfield code='x'>Motion pictures</subfield></datafield><datafield ind1='1' ind2=' ' tag='583'><subfield code='a'>committed to retain</subfield><subfield code='c'>20181001</subfield><subfield code='d'>in perpetuity</subfield><subfield code='f'>ReCAP Shared Collection</subfield><subfield code='5'>HUL</subfield><subfield code='8'>221963880860003941</subfield></datafield><datafield ind1='7' ind2=' ' tag='852'><subfield code='2'>ZHCL</subfield><subfield code='c'>HD</subfield><subfield code='h'>Econ 3670.22.58</subfield><subfield code='0'>13394087</subfield><subfield code='b'>scsbhl</subfield></datafield><datafield ind1=' ' ind2=' ' tag='876'><subfield code='0'>13394087</subfield><subfield code='a'>19208113</subfield><subfield code='h'> </subfield><subfield code='j'>Available</subfield><subfield code='k'>WID</subfield><subfield code='p'>HNFCVM</subfield><subfield code='x'>Shared</subfield><subfield code='z'>HW</subfield><subfield code='l'>HD</subfield></datafield></record>