
<record><leader>00818cam a22002771  4500</leader><controlfield tag='001'>SCSB-4227001</controlfield><controlfield tag='003'>NNC</controlfield><controlfield tag='005'>20221019234440.0</controlfield><controlfield tag='008'>011220s1953    tz       c    000 0 eng d</controlfield><controlfield tag='009'>3156593</controlfield><datafield ind1=' ' ind2=' ' tag='035'><subfield code='a'>(OCoLC)ocm48648841</subfield></datafield><datafield ind1=' ' ind2=' ' tag='035'><subfield code='9'>ATZ4915CU</subfield></datafield><datafield ind1=' ' ind2=' ' tag='035'><subfield code='a'>(NNC)3156593</subfield></datafield><datafield ind1=' ' ind2=' ' tag='035'><subfield code='a'>3156593</subfield></datafield><datafield ind1=' ' ind2=' ' tag='040'><subfield code='a'>ZCU</subfield><subfield code='c'>ZCU</subfield></datafield><datafield ind1=' ' ind2=' ' tag='099'><subfield code='a'>371.335</subfield><subfield code='a'>T156</subfield></datafield><datafield ind1='1' ind2=' ' tag='110'><subfield code='a'>Tanganyika.</subfield><subfield code='b'>Department of Social Development.</subfield></datafield><datafield ind1='1' ind2='0' tag='245'><subfield code='a'>16 mm. film library catalogue.</subfield></datafield><datafield ind1=' ' ind2=' ' tag='260'><subfield code='a'>Dar es Salaam :</subfield><subfield code='b'>Government Printer,</subfield><subfield code='c'>1953.</subfield></datafield><datafield ind1=' ' ind2=' ' tag='300'><subfield code='a'>58 pages</subfield></datafield><datafield ind1=' ' ind2=' ' tag='336'><subfield code='a'>text</subfield><subfield code='b'>txt</subfield><subfield code='2'>rdacontent</subfield></datafield><datafield ind1=' ' ind2=' ' tag='337'><subfield code='a'>unmediated</subfield><subfield code='b'>n</subfield><subfield code='2'>rdamedia</subfield></datafield><datafield ind1=' ' ind2=' ' tag='500'><subfield code='a'>Cover-title.</subfield></datafield><datafield ind1=' ' ind2='0' tag='650'><subfield code='a'>Documentary films</subfield><subfield code='v'>Catalogs.</subfield><subfield code='0'>http://id.loc.gov/authorities/subjects/sh2008102343</subfield></datafield><datafield ind1=' ' ind2='0' tag='650'><subfield code='a'>Motion pictures</subfield><subfield code='x'>News-reels</subfield><subfield code='v'>Catalogs.</subfield></datafield><datafield ind1='8' ind2='0' tag='852'><subfield code='h'>371.335 T156</subfield><subfield code='0'>4239870</subfield><subfield code='b'>scsbcul</subfield></datafield><datafield ind1=' ' ind2=' ' tag='876'><subfield code='0'>4239870</subfield><subfield code='a'>6131592</subfield><subfield code='h'> </subfield><subfield code='j'>Available</subfield><subfield code='p'>CU55951937</subfield><subfield code='t'>1</subfield><subfield code='x'>Shared</subfield><subfield code='z'>CU</subfield><subfield code='l'>RECAP</subfield></datafield></record>