
<record><leader>00742cam a22002411  4500</leader><controlfield tag='001'>SCSB-4227029</controlfield><controlfield tag='003'>NNC</controlfield><controlfield tag='005'>20221019234442.0</controlfield><controlfield tag='008'>011220s1946    vauak         000 0 eng d</controlfield><controlfield tag='009'>3156625</controlfield><datafield ind1=' ' ind2=' ' tag='035'><subfield code='a'>(OCoLC)ocm48649022</subfield></datafield><datafield ind1=' ' ind2=' ' tag='035'><subfield code='9'>ATZ4947CU</subfield></datafield><datafield ind1=' ' ind2=' ' tag='035'><subfield code='a'>3156625</subfield></datafield><datafield ind1=' ' ind2=' ' tag='040'><subfield code='a'>ZCU</subfield><subfield code='c'>ZCU</subfield></datafield><datafield ind1=' ' ind2=' ' tag='099'><subfield code='a'>371.335</subfield><subfield code='a'>V819</subfield></datafield><datafield ind1='1' ind2=' ' tag='110'><subfield code='a'>Virginia.</subfield><subfield code='b'>State Board of Education.</subfield><subfield code='b'>Division of School Libraries and Textbooks.</subfield></datafield><datafield ind1='1' ind2='4' tag='245'><subfield code='a'>The school division film library ;</subfield><subfield code='b'>a manual of administrative procedures /</subfield><subfield code='c'>prepared by W.H. Durr ...</subfield></datafield><datafield ind1=' ' ind2=' ' tag='260'><subfield code='a'>[Richmond],</subfield><subfield code='c'>1946.</subfield></datafield><datafield ind1=' ' ind2=' ' tag='300'><subfield code='a'>41 pages :</subfield><subfield code='b'>illustrations, forms</subfield></datafield><datafield ind1=' ' ind2=' ' tag='336'><subfield code='a'>text</subfield><subfield code='b'>txt</subfield><subfield code='2'>rdacontent</subfield></datafield><datafield ind1=' ' ind2=' ' tag='337'><subfield code='a'>unmediated</subfield><subfield code='b'>n</subfield><subfield code='2'>rdamedia</subfield></datafield><datafield ind1=' ' ind2=' ' tag='500'><subfield code='a'>Cover-title.</subfield></datafield><datafield ind1='8' ind2='0' tag='852'><subfield code='h'>371.335 V819</subfield><subfield code='0'>4239898</subfield><subfield code='b'>scsbcul</subfield></datafield><datafield ind1=' ' ind2=' ' tag='876'><subfield code='0'>4239898</subfield><subfield code='a'>6131620</subfield><subfield code='h'> </subfield><subfield code='j'>Available</subfield><subfield code='p'>CU55952259</subfield><subfield code='t'>1</subfield><subfield code='x'>Shared</subfield><subfield code='z'>CU</subfield><subfield code='l'>RECAP</subfield></datafield></record>