
<record><leader>01019cam a2200301   4500</leader><controlfield tag='001'>SCSB-3865992</controlfield><controlfield tag='003'>NNC</controlfield><controlfield tag='005'>20221012193247.0</controlfield><controlfield tag='008'>721107t19711971pau      c    001 0 eng  </controlfield><controlfield tag='009'>2554590</controlfield><datafield ind1=' ' ind2=' ' tag='010'><subfield code='a'>   77164678 </subfield></datafield><datafield ind1=' ' ind2=' ' tag='020'><subfield code='a'>0872720209 (v. 1)</subfield></datafield><datafield ind1=' ' ind2=' ' tag='035'><subfield code='a'>(OCoLC)ocm00507658</subfield></datafield><datafield ind1=' ' ind2=' ' tag='035'><subfield code='9'>AQN9970CU</subfield></datafield><datafield ind1=' ' ind2=' ' tag='035'><subfield code='a'>2554590</subfield></datafield><datafield ind1=' ' ind2=' ' tag='040'><subfield code='a'>DLC</subfield><subfield code='c'>DLC</subfield><subfield code='d'>ZCU</subfield></datafield><datafield ind1=' ' ind2=' ' tag='043'><subfield code='a'>n-us---</subfield></datafield><datafield ind1='0' ind2='0' tag='050'><subfield code='a'>LB1044.Z9</subfield><subfield code='b'>J65</subfield></datafield><datafield ind1='0' ind2=' ' tag='082'><subfield code='a'>380.1/45/37133523</subfield></datafield><datafield ind1='1' ind2=' ' tag='100'><subfield code='a'>Jones, Emily Strange,</subfield><subfield code='d'>1919-</subfield></datafield><datafield ind1='1' ind2='4' tag='245'><subfield code='a'>The college film library collection ;</subfield><subfield code='b'>a selected annotated list of ... films for use in college and advanced high school courses /</subfield><subfield code='c'>Editor-in-chief: Emily S. Jones.</subfield></datafield><datafield ind1=' ' ind2=' ' tag='260'><subfield code='a'>Williamsport, Pa. :</subfield><subfield code='b'>Bro-Dart Pub. Co.,</subfield><subfield code='c'>[1971], [©1971]</subfield></datafield><datafield ind1=' ' ind2=' ' tag='300'><subfield code='a'>2 volumes ;</subfield><subfield code='c'>28 cm</subfield></datafield><datafield ind1=' ' ind2=' ' tag='336'><subfield code='a'>text</subfield><subfield code='b'>txt</subfield><subfield code='2'>rdacontent</subfield></datafield><datafield ind1=' ' ind2=' ' tag='337'><subfield code='a'>unmediated</subfield><subfield code='b'>n</subfield><subfield code='2'>rdamedia</subfield></datafield><datafield ind1='0' ind2=' ' tag='505'><subfield code='a'>v. 1. 16mm films.--[v. 2] 8mm films and 35mm filmstrips.</subfield></datafield><datafield ind1=' ' ind2='0' tag='650'><subfield code='a'>Motion pictures in education</subfield><subfield code='z'>United States</subfield><subfield code='v'>Catalogs.</subfield></datafield><datafield ind1='0' ind2='0' tag='852'><subfield code='h'>LB1044.Z9 J65</subfield><subfield code='0'>3874432</subfield><subfield code='b'>scsbcul</subfield></datafield><datafield ind1=' ' ind2=' ' tag='876'><subfield code='0'>3874432</subfield><subfield code='a'>5680265</subfield><subfield code='h'> </subfield><subfield code='j'>Available</subfield><subfield code='p'>CU55581196</subfield><subfield code='t'>1</subfield><subfield code='x'>Shared</subfield><subfield code='z'>CU</subfield><subfield code='l'>RECAP</subfield></datafield></record>