
<record><leader>00821cam a2200241   4500</leader><controlfield tag='001'>SCSB-4226762</controlfield><controlfield tag='003'>NNC</controlfield><controlfield tag='005'>20221019234421.0</controlfield><controlfield tag='008'>850516s1952    nyua          000 0 eng d</controlfield><controlfield tag='009'>3156272</controlfield><datafield ind1=' ' ind2=' ' tag='035'><subfield code='a'>(OCoLC)ocm12042308</subfield></datafield><datafield ind1=' ' ind2=' ' tag='035'><subfield code='9'>ATZ4580CU</subfield></datafield><datafield ind1=' ' ind2=' ' tag='035'><subfield code='a'>3156272</subfield></datafield><datafield ind1=' ' ind2=' ' tag='040'><subfield code='a'>CDS</subfield><subfield code='c'>CDS</subfield><subfield code='d'>ZCU</subfield></datafield><datafield ind1=' ' ind2=' ' tag='099'><subfield code='a'>371.335</subfield><subfield code='a'>Ed835</subfield></datafield><datafield ind1='2' ind2=' ' tag='110'><subfield code='a'>Educational Film Library Association.</subfield><subfield code='0'>http://id.loc.gov/authorities/names/n82118507</subfield></datafield><datafield ind1='1' ind2='0' tag='245'><subfield code='a'>Film library administration: &quot;how we do it&quot; /</subfield><subfield code='c'>by members of EFLA.</subfield></datafield><datafield ind1=' ' ind2=' ' tag='260'><subfield code='a'>[New York] :</subfield><subfield code='b'>[The Association],</subfield><subfield code='c'>[1952?]</subfield></datafield><datafield ind1=' ' ind2=' ' tag='300'><subfield code='a'>1 volume (unpaged) :</subfield><subfield code='b'>illustrations ;</subfield><subfield code='c'>28 cm</subfield></datafield><datafield ind1=' ' ind2=' ' tag='336'><subfield code='a'>text</subfield><subfield code='b'>txt</subfield><subfield code='2'>rdacontent</subfield></datafield><datafield ind1=' ' ind2=' ' tag='337'><subfield code='a'>unmediated</subfield><subfield code='b'>n</subfield><subfield code='2'>rdamedia</subfield></datafield><datafield ind1=' ' ind2='0' tag='650'><subfield code='a'>Motion picture film collections.</subfield><subfield code='0'>http://id.loc.gov/authorities/subjects/sh85088046</subfield></datafield><datafield ind1='8' ind2='0' tag='852'><subfield code='h'>371.335 Ed835</subfield><subfield code='0'>4239630</subfield><subfield code='b'>scsbcul</subfield></datafield><datafield ind1=' ' ind2=' ' tag='876'><subfield code='0'>4239630</subfield><subfield code='a'>6130837</subfield><subfield code='h'>In Library Use</subfield><subfield code='j'>Available</subfield><subfield code='p'>CU02270030</subfield><subfield code='t'>1</subfield><subfield code='x'>Shared</subfield><subfield code='z'>CU</subfield><subfield code='l'>RECAP</subfield></datafield></record>