
<record><leader>00498nam a2200169u  4500</leader><controlfield tag='001'>SCSB-12754896</controlfield><controlfield tag='005'>20020606095253.2</controlfield><controlfield tag='008'>810714s1946    nyu    j b    000 1 eng d</controlfield><controlfield tag='009'>990039233180203941</controlfield><datafield ind1=' ' ind2=' ' tag='035'><subfield code='a'>(OCoLC)7584426</subfield></datafield><datafield ind1=' ' ind2=' ' tag='040'><subfield code='a'>CLE</subfield><subfield code='c'>CLE</subfield><subfield code='d'>HLS</subfield></datafield><datafield ind1='1' ind2='4' tag='050'><subfield code='a'>Z5784.C5</subfield><subfield code='b'>A82</subfield></datafield><datafield ind1='2' ind2=' ' tag='110'><subfield code='a'>Association of the Junior Leagues of America</subfield></datafield><datafield ind1='1' ind2='0' tag='245'><subfield code='a'>Children&apos;s theatre catalog;</subfield><subfield code='b'>plays for theatre and puppetry.</subfield></datafield><datafield ind1=' ' ind2=' ' tag='260'><subfield code='a'>New York, N.Y.</subfield><subfield code='c'>[1946?]</subfield></datafield><datafield ind1=' ' ind2=' ' tag='300'><subfield code='a'>86 p.</subfield></datafield><datafield ind1=' ' ind2='0' tag='650'><subfield code='a'>Children&apos;s plays</subfield><subfield code='v'>Bibliography</subfield><subfield code='v'>Catalogs.</subfield></datafield><datafield ind1=' ' ind2='0' tag='650'><subfield code='a'>Puppet plays</subfield><subfield code='v'>Bibliography</subfield><subfield code='v'>Catalogs.</subfield></datafield><datafield ind1=' ' ind2='7' tag='655'><subfield code='a'>Catalogs</subfield><subfield code='2'>fast</subfield><subfield code='0'>(OCoLC)fst01423692</subfield></datafield><datafield ind1=' ' ind2='7' tag='655'><subfield code='a'>Bibliographies</subfield><subfield code='2'>fast</subfield><subfield code='0'>(OCoLC)fst01919895</subfield></datafield><datafield ind1='0' ind2='8' tag='776'><subfield code='i'>Online version:</subfield><subfield code='a'>Association of the Junior Leagues of America.</subfield><subfield code='t'>Children&apos;s theatre catalog.</subfield><subfield code='d'>New York, N.Y. [1946?]</subfield><subfield code='w'>(OCoLC)609783678</subfield></datafield><datafield ind1='1' ind2=' ' tag='583'><subfield code='a'>committed to retain</subfield><subfield code='c'>20181001</subfield><subfield code='d'>in perpetuity</subfield><subfield code='f'>ReCAP Shared Collection</subfield><subfield code='5'>HUL</subfield><subfield code='8'>221899290460003941</subfield></datafield><datafield ind1='7' ind2=' ' tag='852'><subfield code='2'>ZHCL</subfield><subfield code='c'>HD</subfield><subfield code='h'>KE 9098</subfield><subfield code='0'>13602135</subfield><subfield code='b'>scsbhl</subfield></datafield><datafield ind1=' ' ind2=' ' tag='876'><subfield code='0'>13602135</subfield><subfield code='a'>19425168</subfield><subfield code='h'> </subfield><subfield code='j'>Available</subfield><subfield code='k'>WID</subfield><subfield code='p'>HW21LS</subfield><subfield code='x'>Shared</subfield><subfield code='z'>HW</subfield><subfield code='l'>HD</subfield></datafield></record>