
<record><leader>00000cam  2200421 a 4500</leader><controlfield tag='001'>SCSB-7728898</controlfield><controlfield tag='003'>CStRLIN</controlfield><controlfield tag='005'>20000629182749.0</controlfield><controlfield tag='007'>he amb---baca</controlfield><controlfield tag='008'>940706m19909999miua    b     001 0 eng  cam a </controlfield><controlfield tag='009'>.b119543345</controlfield><datafield ind1='1' ind2=' ' tag='700'><subfield code='a'>Opie, Iona,</subfield><subfield code='d'>1923-2017.</subfield></datafield><datafield ind1='1' ind2=' ' tag='700'><subfield code='a'>Opie, Peter.</subfield></datafield><datafield ind1='2' ind2=' ' tag='710'><subfield code='a'>Bodleian Library.</subfield></datafield><datafield ind1=' ' ind2='0' tag='650'><subfield code='a'>Children&apos;s literature, English</subfield><subfield code='v'>Microform catalogs.</subfield></datafield><datafield ind1=' ' ind2='0' tag='650'><subfield code='a'>Children&apos;s literature</subfield><subfield code='v'>Microform catalogs.</subfield></datafield><datafield ind1=' ' ind2=' ' tag='020'><subfield code='a'>0835721515 (guide : unit 1)</subfield></datafield><datafield ind1=' ' ind2=' ' tag='020'><subfield code='a'>0835721523 (guide : unit 2)</subfield></datafield><datafield ind1=' ' ind2=' ' tag='020'><subfield code='a'>0835721531 (guide : unit 3)</subfield></datafield><datafield ind1=' ' ind2=' ' tag='020'><subfield code='a'>083572154X (guide : unit 4)</subfield></datafield><datafield ind1=' ' ind2=' ' tag='020'><subfield code='a'>0835721558 (guide : unit 5)</subfield></datafield><datafield ind1=' ' ind2=' ' tag='020'><subfield code='a'>0835723151 (guide : unit 6)</subfield></datafield><datafield ind1=' ' ind2=' ' tag='020'><subfield code='a'>083572316X (guide : unit 7)</subfield></datafield><datafield ind1=' ' ind2=' ' tag='020'><subfield code='a'>0835723178 (guide : unit 8)</subfield></datafield><datafield ind1=' ' ind2=' ' tag='020'><subfield code='a'>0835723186 (guide : unit 9)</subfield></datafield><datafield ind1=' ' ind2=' ' tag='500'><subfield code='a'>Chiefly British children&apos;s books, from the earliest period to the present, collected by Iona and Peter Opie, and housed in the Bodleian Library of Oxford University.</subfield></datafield><datafield ind1=' ' ind2=' ' tag='500'><subfield code='a'>Title in header: The Opie collection.</subfield></datafield><datafield ind1=' ' ind2=' ' tag='500'><subfield code='a'>Accompanied by printed guide to each unit.</subfield></datafield><datafield ind1=' ' ind2=' ' tag='260'><subfield code='a'>Ann Arbor, Mich. :</subfield><subfield code='b'>UMI,</subfield><subfield code='c'>c1990-</subfield></datafield><datafield ind1=' ' ind2=' ' tag='300'><subfield code='a'>microfiches :</subfield><subfield code='b'>ill. ;</subfield><subfield code='c'>11 x 15 cm. +</subfield><subfield code='e'>12 guides.</subfield></datafield><datafield ind1='0' ind2='4' tag='245'><subfield code='a'>The Opie collection of children&apos;s literature</subfield><subfield code='h'>[microform].</subfield></datafield><datafield ind1='0' ind2=' ' tag='740'><subfield code='a'>Opie collection.</subfield></datafield><datafield ind1=' ' ind2=' ' tag='040'><subfield code='a'>DLC</subfield><subfield code='c'>DLC</subfield><subfield code='d'>DLC</subfield><subfield code='d'>NN</subfield><subfield code='d'>WaOLN</subfield></datafield><datafield ind1=' ' ind2=' ' tag='043'><subfield code='a'>e-uk---</subfield></datafield><datafield ind1=' ' ind2=' ' tag='997'><subfield code='a'>hg</subfield><subfield code='b'>10-31-00</subfield><subfield code='c'>m</subfield><subfield code='d'>a</subfield><subfield code='e'>-</subfield><subfield code='f'>eng</subfield><subfield code='g'>miu</subfield><subfield code='h'>4</subfield></datafield><datafield ind1=' ' ind2=' ' tag='991'><subfield code='y'>26594621</subfield></datafield><datafield ind1=' ' ind2=' ' tag='910'><subfield code='a'>RL</subfield></datafield><datafield ind1='0' ind2='0' tag='907'><subfield code='a'>.b119543345</subfield></datafield><datafield ind1=' ' ind2=' ' tag='035'><subfield code='a'>(OCoLC)26594621</subfield></datafield><datafield ind1='8' ind2=' ' tag='852'><subfield code='h'>*XM-21878  Units 19-46 (Inc.)</subfield><subfield code='0'>7863737</subfield><subfield code='b'>scsbnypl</subfield></datafield><datafield ind1=' ' ind2=' ' tag='866'><subfield code='a'>Units 19-46 (Inc.)</subfield><subfield code='0'>7863737</subfield></datafield><datafield ind1=' ' ind2=' ' tag='876'><subfield code='0'>7863737</subfield><subfield code='3'>Guide: Units 7-12</subfield><subfield code='a'>12896142</subfield><subfield code='h'>In Library Use</subfield><subfield code='j'>Available</subfield><subfield code='p'>33433059870091</subfield><subfield code='t'>1</subfield><subfield code='x'>Shared</subfield><subfield code='z'>NA</subfield><subfield code='l'>RECAP</subfield></datafield><datafield ind1='8' ind2=' ' tag='852'><subfield code='h'>*XM-2178+</subfield><subfield code='0'>7863738</subfield><subfield code='b'>scsbnypl</subfield></datafield><datafield ind1=' ' ind2=' ' tag='866'><subfield code='a'>Guide: Units 1-6</subfield><subfield code='0'>7863738</subfield></datafield><datafield ind1=' ' ind2=' ' tag='876'><subfield code='0'>7863738</subfield><subfield code='3'>Guide: Units 1-6</subfield><subfield code='a'>12896143</subfield><subfield code='h'>In Library Use</subfield><subfield code='j'>Available</subfield><subfield code='p'>33433059870083</subfield><subfield code='t'>1</subfield><subfield code='x'>Shared</subfield><subfield code='z'>NA</subfield><subfield code='l'>RECAP</subfield></datafield></record>