
<record><leader>01111cam a22003251i 4500</leader><controlfield tag='001'>SCSB-3875843</controlfield><controlfield tag='003'>NNC</controlfield><controlfield tag='005'>20221012200703.0</controlfield><controlfield tag='008'>691016s1968    enk      bc   000 0 eng  </controlfield><controlfield tag='009'>2587822</controlfield><datafield ind1=' ' ind2=' ' tag='010'><subfield code='a'>   72421271 </subfield></datafield><datafield ind1=' ' ind2=' ' tag='015'><subfield code='a'>B69-08831</subfield></datafield><datafield ind1=' ' ind2=' ' tag='020'><subfield code='a'>090143700X</subfield></datafield><datafield ind1=' ' ind2=' ' tag='035'><subfield code='a'>(OCoLC)27768</subfield></datafield><datafield ind1=' ' ind2=' ' tag='035'><subfield code='a'>(OCoLC)ocm00027768</subfield></datafield><datafield ind1=' ' ind2=' ' tag='035'><subfield code='9'>AQS7174CU</subfield></datafield><datafield ind1=' ' ind2=' ' tag='035'><subfield code='a'>(NNC)2587822</subfield></datafield><datafield ind1=' ' ind2=' ' tag='035'><subfield code='a'>2587822</subfield></datafield><datafield ind1='0' ind2='0' tag='050'><subfield code='a'>Z921</subfield><subfield code='b'>.B5</subfield></datafield><datafield ind1='0' ind2=' ' tag='082'><subfield code='a'>028.52/0942</subfield></datafield><datafield ind1=' ' ind2=' ' tag='090'><subfield code='a'>Z921</subfield><subfield code='b'>.B5</subfield></datafield><datafield ind1='2' ind2=' ' tag='110'><subfield code='a'>Bishop Lonsdale College of Education.</subfield><subfield code='b'>Library.</subfield></datafield><datafield ind1='1' ind2='0' tag='245'><subfield code='a'>Catalogue of the collection of early children&apos;s books :</subfield><subfield code='b'>together with books of special educational interest, in the Library of Bishop Lonsdale College of Education /</subfield><subfield code='c'>compiled by C. E. Saunders.</subfield></datafield><datafield ind1=' ' ind2=' ' tag='260'><subfield code='a'>Derby :</subfield><subfield code='b'>Bishop Lonsdale College of Education,</subfield><subfield code='c'>1968.</subfield></datafield><datafield ind1=' ' ind2=' ' tag='300'><subfield code='a'>1 unnumbered page, 29 pages ;</subfield><subfield code='c'>26 cm</subfield></datafield><datafield ind1=' ' ind2=' ' tag='336'><subfield code='a'>text</subfield><subfield code='b'>txt</subfield><subfield code='2'>rdacontent</subfield></datafield><datafield ind1=' ' ind2=' ' tag='337'><subfield code='a'>unmediated</subfield><subfield code='b'>n</subfield><subfield code='2'>rdamedia</subfield></datafield><datafield ind1=' ' ind2='0' tag='650'><subfield code='a'>Children&apos;s literature, English</subfield><subfield code='v'>Bibliography</subfield><subfield code='v'>Catalogs.</subfield></datafield><datafield ind1='1' ind2=' ' tag='700'><subfield code='a'>Saunders, Charles Edward,</subfield><subfield code='c'>Sir,</subfield><subfield code='d'>1867-1937.</subfield></datafield><datafield ind1='0' ind2='0' tag='852'><subfield code='h'>Z921 .B5</subfield><subfield code='0'>3884401</subfield><subfield code='b'>scsbcul</subfield></datafield><datafield ind1=' ' ind2=' ' tag='876'><subfield code='0'>3884401</subfield><subfield code='a'>5692035</subfield><subfield code='h'> </subfield><subfield code='j'>Available</subfield><subfield code='p'>CU55617859</subfield><subfield code='t'>1</subfield><subfield code='x'>Shared</subfield><subfield code='z'>CU</subfield><subfield code='l'>RECAP</subfield></datafield></record>