
<record><leader>01030cam a22003251i 4500</leader><controlfield tag='001'>SCSB-3876340</controlfield><controlfield tag='003'>NNC</controlfield><controlfield tag='005'>20221012200820.0</controlfield><controlfield tag='008'>700925s1969    enka     bc   001 0 eng  </controlfield><controlfield tag='009'>2588682</controlfield><datafield ind1=' ' ind2=' ' tag='010'><subfield code='a'>   70506927 </subfield></datafield><datafield ind1=' ' ind2=' ' tag='015'><subfield code='a'>B***</subfield></datafield><datafield ind1=' ' ind2=' ' tag='035'><subfield code='a'>(OCoLC)102549</subfield></datafield><datafield ind1=' ' ind2=' ' tag='035'><subfield code='a'>(OCoLC)ocm00102549</subfield></datafield><datafield ind1=' ' ind2=' ' tag='035'><subfield code='9'>AQS8055CU</subfield></datafield><datafield ind1=' ' ind2=' ' tag='035'><subfield code='a'>(NNC)2588682</subfield></datafield><datafield ind1=' ' ind2=' ' tag='035'><subfield code='a'>2588682</subfield></datafield><datafield ind1='0' ind2='0' tag='050'><subfield code='a'>Z1037</subfield><subfield code='b'>.B43</subfield></datafield><datafield ind1='0' ind2=' ' tag='082'><subfield code='a'>028.52</subfield></datafield><datafield ind1=' ' ind2=' ' tag='090'><subfield code='a'>Z1037</subfield><subfield code='b'>.B43</subfield></datafield><datafield ind1='2' ind2=' ' tag='110'><subfield code='a'>Bedford College of Education.</subfield><subfield code='b'>Library.</subfield></datafield><datafield ind1='1' ind2='0' tag='245'><subfield code='a'>Catalogue of the Hockliffe collection of early children&apos;s books /</subfield><subfield code='c'>compiled and arranged by Doreen H. Boggis.</subfield></datafield><datafield ind1=' ' ind2=' ' tag='260'><subfield code='a'>[Bedford, Eng.] :</subfield><subfield code='b'>Bedford College of Education,</subfield><subfield code='c'>1969.</subfield></datafield><datafield ind1=' ' ind2=' ' tag='300'><subfield code='a'>vi, 155 pages :</subfield><subfield code='b'>illustrations ;</subfield><subfield code='c'>30 cm</subfield></datafield><datafield ind1=' ' ind2=' ' tag='336'><subfield code='a'>text</subfield><subfield code='b'>txt</subfield><subfield code='2'>rdacontent</subfield></datafield><datafield ind1=' ' ind2=' ' tag='337'><subfield code='a'>unmediated</subfield><subfield code='b'>n</subfield><subfield code='2'>rdamedia</subfield></datafield><datafield ind1=' ' ind2='0' tag='650'><subfield code='a'>Children&apos;s literature, English</subfield><subfield code='v'>Bibliography</subfield><subfield code='v'>Catalogs.</subfield></datafield><datafield ind1='1' ind2=' ' tag='700'><subfield code='a'>Hockliffe, Frederick,</subfield><subfield code='d'>1833-1914.</subfield></datafield><datafield ind1='1' ind2=' ' tag='700'><subfield code='a'>Boggis, Doreen H.</subfield><subfield code='q'>(Doreen Helen)</subfield></datafield><datafield ind1='0' ind2='0' tag='852'><subfield code='h'>Z1037 .B43</subfield><subfield code='0'>3884906</subfield><subfield code='b'>scsbcul</subfield></datafield><datafield ind1=' ' ind2=' ' tag='876'><subfield code='0'>3884906</subfield><subfield code='a'>5692603</subfield><subfield code='h'> </subfield><subfield code='j'>Available</subfield><subfield code='p'>CU55621457</subfield><subfield code='t'>1</subfield><subfield code='x'>Shared</subfield><subfield code='z'>CU</subfield><subfield code='l'>RECAP</subfield></datafield></record>