
<record><leader>00000nam a2200361 i 4500</leader><controlfield tag='001'>SCSB-14367222</controlfield><controlfield tag='003'>ItFiC</controlfield><controlfield tag='005'>20221110121932.0</controlfield><controlfield tag='008'>220704s2022    fr a     b    000 0 fre dnam i </controlfield><controlfield tag='009'>.b229341895</controlfield><datafield ind1=' ' ind2='0' tag='650'><subfield code='a'>Photography, Artistic.</subfield></datafield><datafield ind1=' ' ind2='0' tag='650'><subfield code='a'>Cyanotypes.</subfield></datafield><datafield ind1=' ' ind2=' ' tag='020'><subfield code='a'>9782492498053 :</subfield><subfield code='c'>34.00 EUR</subfield></datafield><datafield ind1=' ' ind2=' ' tag='504'><subfield code='a'>Includes bibliographical references.</subfield></datafield><datafield ind1=' ' ind2='1' tag='264'><subfield code='a'>[Thairé] :</subfield><subfield code='b'>Artfolage,</subfield><subfield code='c'>[2022]</subfield></datafield><datafield ind1=' ' ind2=' ' tag='300'><subfield code='a'>157 pages :</subfield><subfield code='b'>color illustrations ;</subfield><subfield code='c'>26 cm</subfield></datafield><datafield ind1=' ' ind2=' ' tag='336'><subfield code='a'>text</subfield><subfield code='b'>txt</subfield><subfield code='2'>rdacontent</subfield></datafield><datafield ind1=' ' ind2=' ' tag='336'><subfield code='a'>still image</subfield><subfield code='b'>sti</subfield><subfield code='2'>rdacontent</subfield></datafield><datafield ind1=' ' ind2=' ' tag='337'><subfield code='a'>unmediated</subfield><subfield code='b'>n</subfield><subfield code='2'>rdamedia</subfield></datafield><datafield ind1=' ' ind2=' ' tag='338'><subfield code='a'>volume</subfield><subfield code='b'>nc</subfield><subfield code='2'>rdacarrier</subfield></datafield><datafield ind1='0' ind2='0' tag='245'><subfield code='a'>Cyanotypes :</subfield><subfield code='b'>appropriations contemporaines /</subfield><subfield code='c'>artistes Eva Aurich [and sixteen others].</subfield></datafield><datafield ind1=' ' ind2=' ' tag='040'><subfield code='a'>ItFiC</subfield><subfield code='b'>eng</subfield><subfield code='e'>rda</subfield><subfield code='c'>ItFiC</subfield></datafield><datafield ind1='0' ind2='0' tag='050'><subfield code='a'>TR655</subfield><subfield code='b'>.C93 2022</subfield></datafield><datafield ind1='0' ind2='0' tag='908'><subfield code='a'>TR655</subfield><subfield code='b'>.C93 2022</subfield></datafield><datafield ind1=' ' ind2=' ' tag='901'><subfield code='a'>CSL</subfield><subfield code='c'>it 2226132X</subfield></datafield><datafield ind1=' ' ind2=' ' tag='910'><subfield code='a'>RL</subfield></datafield><datafield ind1=' ' ind2=' ' tag='960'><subfield code='s'>4207</subfield><subfield code='u'>76058photo</subfield><subfield code='t'>MAB</subfield><subfield code='c'>1</subfield><subfield code='d'>r</subfield><subfield code='e'>f</subfield><subfield code='g'>b</subfield><subfield code='i'>a</subfield><subfield code='m'>1</subfield><subfield code='v'>csl</subfield><subfield code='w'>ita</subfield><subfield code='x'>it</subfield></datafield><datafield ind1=' ' ind2=' ' tag='981'><subfield code='e'>37.40</subfield><subfield code='i'>38.25</subfield><subfield code='k'>USD</subfield><subfield code='u'>3.82</subfield></datafield><datafield ind1='0' ind2='0' tag='907'><subfield code='a'>.b229341895</subfield></datafield><datafield ind1=' ' ind2=' ' tag='901'><subfield code='a'>93d8a31a-056e-4b64-939d-95fd05ec7063</subfield><subfield code='b'>17</subfield><subfield code='c'>false</subfield></datafield><datafield ind1='8' ind2=' ' tag='852'><subfield code='h'>ReCAP 22-75804</subfield><subfield code='0'>15321293</subfield><subfield code='b'>scsbnypl</subfield></datafield><datafield ind1=' ' ind2=' ' tag='876'><subfield code='0'>15321293</subfield><subfield code='a'>21862144</subfield><subfield code='h'>In Library Use</subfield><subfield code='j'>Available</subfield><subfield code='p'>33433133630776</subfield><subfield code='t'>1</subfield><subfield code='x'>Shared</subfield><subfield code='z'>NA</subfield><subfield code='l'>RECAP</subfield></datafield></record>