
<record><leader>02363cam a2200529 i 4500</leader><controlfield tag='001'>SCSB-15307666</controlfield><controlfield tag='005'>20251203145316.5</controlfield><controlfield tag='008'>250505t20252025enka          000 0 eng d</controlfield><controlfield tag='009'>in00034017719</controlfield><datafield ind1=' ' ind2=' ' tag='020'><subfield code='a'>9781915423795</subfield></datafield><datafield ind1=' ' ind2=' ' tag='020'><subfield code='a'>1915423791</subfield></datafield><datafield ind1=' ' ind2=' ' tag='024'><subfield code='a'>90102812727</subfield></datafield><datafield ind1=' ' ind2=' ' tag='035'><subfield code='a'>(OCoLC)1518443074</subfield></datafield><datafield ind1=' ' ind2=' ' tag='040'><subfield code='a'>MUB</subfield><subfield code='b'>eng</subfield><subfield code='e'>rda</subfield><subfield code='c'>MUB</subfield><subfield code='d'>MUB</subfield><subfield code='d'>OCLCO</subfield><subfield code='d'>CMA</subfield><subfield code='d'>YDX</subfield></datafield><datafield ind1=' ' ind2='4' tag='050'><subfield code='a'>TR655</subfield><subfield code='b'>.B37 2025g</subfield></datafield><datafield ind1='0' ind2='4' tag='082'><subfield code='a'>779.092</subfield><subfield code='2'>23</subfield></datafield><datafield ind1='1' ind2=' ' tag='100'><subfield code='a'>Barker, Mandy,</subfield><subfield code='e'>photographer.</subfield><subfield code='1'>https://id.oclc.org/worldcat/entity/E39PCjJT9fD6qQQRkG96GMdKMP</subfield></datafield><datafield ind1='1' ind2='0' tag='245'><subfield code='a'>Photographs of British algae :</subfield><subfield code='b'>cyanotype imperfections /</subfield><subfield code='c'>Mandy Barker.</subfield></datafield><datafield ind1=' ' ind2=' ' tag='250'><subfield code='a'>GOST signed edition.</subfield></datafield><datafield ind1=' ' ind2='1' tag='264'><subfield code='a'>London :</subfield><subfield code='b'>GOST Books,</subfield><subfield code='c'>[2025]</subfield></datafield><datafield ind1=' ' ind2='4' tag='264'><subfield code='c'>©2025</subfield></datafield><datafield ind1=' ' ind2=' ' tag='300'><subfield code='a'>1 volume (unpaged) :</subfield><subfield code='b'>chiefly color illustrations ;</subfield><subfield code='c'>27 cm</subfield></datafield><datafield ind1=' ' ind2=' ' tag='336'><subfield code='a'>still image</subfield><subfield code='b'>sti</subfield><subfield code='2'>rdacontent</subfield></datafield><datafield ind1=' ' ind2=' ' tag='336'><subfield code='a'>text</subfield><subfield code='b'>txt</subfield><subfield code='2'>rdacontent</subfield></datafield><datafield ind1=' ' ind2=' ' tag='337'><subfield code='a'>unmediated</subfield><subfield code='b'>n</subfield><subfield code='2'>rdamedia</subfield></datafield><datafield ind1=' ' ind2=' ' tag='338'><subfield code='a'>volume</subfield><subfield code='b'>nc</subfield><subfield code='2'>rdacarrier</subfield></datafield><datafield ind1=' ' ind2=' ' tag='500'><subfield code='a'>Includes paper wrap with description and letter from Mandy Barker to Anna Atkins.</subfield></datafield><datafield ind1=' ' ind2=' ' tag='520'><subfield code='a'>&quot;Photographs of British Algae: Cyanotype Imperfections, reflects the imperfect world of the fashion industry, of mass-produced clothing and of its waste. In the same way that Anna Atkins produced images of algae, I present alternative &apos;specimens&apos; from recovered clothing.&quot;--paper wrap.</subfield></datafield><datafield ind1='1' ind2='0' tag='600'><subfield code='a'>Barker, Mandy.</subfield></datafield><datafield ind1='1' ind2='0' tag='600'><subfield code='a'>Atkins, Anna,</subfield><subfield code='d'>1799-1871</subfield><subfield code='x'>Influence.</subfield></datafield><datafield ind1=' ' ind2='0' tag='650'><subfield code='a'>Photography, Artistic.</subfield></datafield><datafield ind1=' ' ind2='0' tag='650'><subfield code='a'>Marine pollution.</subfield></datafield><datafield ind1=' ' ind2='0' tag='650'><subfield code='a'>Refuse and refuse disposal.</subfield></datafield><datafield ind1=' ' ind2='0' tag='650'><subfield code='a'>Clothing trade</subfield><subfield code='z'>Great Britain.</subfield></datafield><datafield ind1=' ' ind2='6' tag='650'><subfield code='a'>Photographie artistique.</subfield><subfield code='0'>(CaQQLa)201-0048937</subfield></datafield><datafield ind1=' ' ind2='6' tag='650'><subfield code='a'>Pollution marine.</subfield><subfield code='0'>(CaQQLa)201-0005872</subfield></datafield><datafield ind1=' ' ind2='6' tag='650'><subfield code='a'>Déchets</subfield><subfield code='x'>Élimination.</subfield><subfield code='0'>(CaQQLa)201-0007693</subfield></datafield><datafield ind1=' ' ind2='7' tag='650'><subfield code='a'>art photography.</subfield><subfield code='2'>aat</subfield><subfield code='0'>(CStmoGRI)aat300178594</subfield></datafield><datafield ind1=' ' ind2='7' tag='650'><subfield code='a'>marine pollution.</subfield><subfield code='2'>aat</subfield><subfield code='0'>(CStmoGRI)aat300055356</subfield></datafield><datafield ind1=' ' ind2='7' tag='655'><subfield code='a'>cyanotypes (photographic prints)</subfield><subfield code='2'>aat</subfield><subfield code='0'>(CStmoGRI)aatgf300134811</subfield></datafield><datafield ind1=' ' ind2='7' tag='655'><subfield code='a'>photobooks.</subfield><subfield code='2'>aat</subfield><subfield code='0'>(CStmoGRI)aatgf300265728</subfield></datafield><datafield ind1=' ' ind2='7' tag='655'><subfield code='a'>Photobooks.</subfield><subfield code='2'>lcgft</subfield></datafield><datafield ind1=' ' ind2='7' tag='655'><subfield code='a'>Livres de photographies.</subfield><subfield code='2'>rvmgf</subfield><subfield code='0'>(CaQQLa)RVMGF-000001206</subfield></datafield><datafield ind1=' ' ind2=' ' tag='980'><subfield code='o'>1</subfield><subfield code='s'>50.00</subfield><subfield code='t'>fax4off</subfield><subfield code='u'>2625B</subfield></datafield><datafield ind1=' ' ind2=' ' tag='980'><subfield code='f'>564858</subfield><subfield code='o'>1</subfield><subfield code='s'>40.25</subfield><subfield code='t'>fax4off</subfield><subfield code='u'>2625B</subfield></datafield><datafield ind1=' ' ind2=' ' tag='987'><subfield code='a'>21367393</subfield></datafield><datafield ind1=' ' ind2=' ' tag='948'><subfield code='a'>20251203</subfield><subfield code='b'>STATCADCP</subfield><subfield code='c'>fd6</subfield><subfield code='d'>MPB</subfield></datafield><datafield ind1='0' ind2='0' tag='852'><subfield code='0'>16415257</subfield><subfield code='h'>TR655</subfield><subfield code='i'>.B37 2025g</subfield><subfield code='b'>scsbcul</subfield></datafield><datafield ind1=' ' ind2=' ' tag='876'><subfield code='0'>16415257</subfield><subfield code='a'>23173167</subfield><subfield code='h'>In Library Use</subfield><subfield code='j'>Available</subfield><subfield code='p'>AR03092062</subfield><subfield code='t'>0</subfield><subfield code='x'>Shared</subfield><subfield code='z'>AR</subfield><subfield code='l'>RECAP</subfield></datafield></record>