
<record><leader>01816nam a2200397Ii 4500</leader><controlfield tag='001'>SCSB-6749388</controlfield><controlfield tag='003'>OCoLC</controlfield><controlfield tag='005'>20130916173622.0</controlfield><controlfield tag='008'>130916s2010    ii a     c    000 0 eng d</controlfield><controlfield tag='009'>.b199525870</controlfield><datafield ind1=' ' ind2=' ' tag='040'><subfield code='a'>NYP</subfield><subfield code='b'>eng</subfield><subfield code='e'>rda</subfield><subfield code='c'>NYP</subfield></datafield><datafield ind1=' ' ind2=' ' tag='043'><subfield code='a'>e-gx---</subfield><subfield code='a'>a-ii---</subfield></datafield><datafield ind1=' ' ind2=' ' tag='049'><subfield code='a'>NYPP</subfield></datafield><datafield ind1='1' ind2=' ' tag='100'><subfield code='a'>Schaefer, Robert A.,</subfield><subfield code='c'>Jr.,</subfield><subfield code='d'>1951-</subfield><subfield code='e'>photographer.</subfield></datafield><datafield ind1='1' ind2='0' tag='245'><subfield code='a'>Architectural blue :</subfield><subfield code='b'>cyanotypes of India and Germany /</subfield><subfield code='c'>Robert A. Schaefer, Jr.</subfield></datafield><datafield ind1=' ' ind2='1' tag='264'><subfield code='a'>New Delhi :</subfield><subfield code='b'>Goethe-Institut, Max Mueller Bhavan,</subfield><subfield code='c'>[2010]</subfield></datafield><datafield ind1=' ' ind2=' ' tag='300'><subfield code='a'>32 pages :</subfield><subfield code='b'>illustrations ;</subfield><subfield code='c'>21 x 30 cm</subfield></datafield><datafield ind1=' ' ind2=' ' tag='336'><subfield code='a'>text</subfield><subfield code='2'>rdacontent</subfield></datafield><datafield ind1=' ' ind2=' ' tag='336'><subfield code='a'>still image</subfield><subfield code='2'>rdacontent</subfield></datafield><datafield ind1=' ' ind2=' ' tag='337'><subfield code='a'>unmediated</subfield><subfield code='2'>rdamedia</subfield></datafield><datafield ind1=' ' ind2=' ' tag='338'><subfield code='a'>volume</subfield><subfield code='2'>rdacarrier</subfield></datafield><datafield ind1=' ' ind2=' ' tag='500'><subfield code='a'>Photographs of architecture in India and Germany, including Le Corbusier&apos;s government buildings in Chandigarh.</subfield></datafield><datafield ind1=' ' ind2=' ' tag='500'><subfield code='a'>Essay by Elizabeth Rogers (page 3).</subfield></datafield><datafield ind1='0' ind2=' ' tag='505'><subfield code='a'>Part I. Government Museum and Art Gallery. November 11th-16th, 2010, Chandigarh -- Part II. Goethe-Institut/Max Mueller Bhavan, November 18th-24th, 2010, New Delhi.</subfield></datafield><datafield ind1='1' ind2='0' tag='600'><subfield code='a'>Schaefer, Robert A.,</subfield><subfield code='c'>Jr.,</subfield><subfield code='d'>1951-</subfield><subfield code='v'>Exhibitions.</subfield></datafield><datafield ind1=' ' ind2='0' tag='650'><subfield code='a'>Architectural photography</subfield><subfield code='z'>Germany</subfield><subfield code='v'>Exhibitions.</subfield></datafield><datafield ind1=' ' ind2='0' tag='650'><subfield code='a'>Architectural photography</subfield><subfield code='z'>India</subfield><subfield code='v'>Exhibitions.</subfield></datafield><datafield ind1=' ' ind2='0' tag='650'><subfield code='a'>Public buildings</subfield><subfield code='z'>India</subfield><subfield code='z'>Chandīgarh</subfield><subfield code='v'>Pictorial works</subfield><subfield code='v'>Exhibitions.</subfield></datafield><datafield ind1='0' ind2='0' tag='600'><subfield code='a'>Le Corbusier,</subfield><subfield code='d'>1887-1965</subfield><subfield code='v'>Pictorial works</subfield><subfield code='v'>Exhibitions.</subfield></datafield><datafield ind1=' ' ind2='0' tag='650'><subfield code='a'>Blueprints</subfield><subfield code='v'>Exhibitions.</subfield></datafield><datafield ind1='2' ind2=' ' tag='710'><subfield code='a'>Max Mueller Bhavan (New Delhi, India),</subfield><subfield code='e'>host institution.</subfield></datafield><datafield ind1='2' ind2=' ' tag='710'><subfield code='a'>Government Museum and Art Gallery, Chandigarh,</subfield><subfield code='e'>host institution.</subfield></datafield><datafield ind1=' ' ind2=' ' tag='907'><subfield code='a'>.b199525870</subfield><subfield code='c'>m</subfield><subfield code='d'>a</subfield><subfield code='e'>-</subfield><subfield code='f'>eng</subfield><subfield code='g'>ii</subfield><subfield code='h'>0</subfield><subfield code='i'>1</subfield></datafield><datafield ind1=' ' ind2=' ' tag='035'><subfield code='a'>(OCoLC)858316847</subfield></datafield><datafield ind1='8' ind2=' ' tag='852'><subfield code='h'>JAX C-5877</subfield><subfield code='0'>6831540</subfield><subfield code='b'>scsbnypl</subfield></datafield><datafield ind1=' ' ind2=' ' tag='876'><subfield code='0'>6831540</subfield><subfield code='a'>10992529</subfield><subfield code='h'>In Library Use</subfield><subfield code='j'>Available</subfield><subfield code='p'>33433110855362</subfield><subfield code='t'>1</subfield><subfield code='x'>Shared</subfield><subfield code='z'>NA</subfield><subfield code='l'>RECAP</subfield></datafield></record>