
<record><leader>04342cam a2200709 i 4500</leader><controlfield tag='001'>SCSB-14008671</controlfield><controlfield tag='003'>NNC</controlfield><controlfield tag='005'>20240625235832.0</controlfield><controlfield tag='008'>210728t20212021ko     d      000 f kor d</controlfield><controlfield tag='009'>15572743</controlfield><datafield ind1=' ' ind2=' ' tag='020'><subfield code='a'>9788954679527</subfield></datafield><datafield ind1=' ' ind2=' ' tag='020'><subfield code='a'>8954679528</subfield></datafield><datafield ind1=' ' ind2=' ' tag='035'><subfield code='a'>(OCoLC)on1257556201</subfield></datafield><datafield ind1=' ' ind2=' ' tag='035'><subfield code='a'>(OCoLC)1257556201</subfield></datafield><datafield ind1=' ' ind2=' ' tag='035'><subfield code='a'>15572743</subfield></datafield><datafield ind1=' ' ind2=' ' tag='040'><subfield code='a'>BRG</subfield><subfield code='b'>eng</subfield><subfield code='e'>rda</subfield><subfield code='c'>BRG</subfield><subfield code='d'>OCLCO</subfield><subfield code='d'>OCLCF</subfield><subfield code='d'>MCCPP</subfield><subfield code='d'>OCLCO</subfield><subfield code='d'>HUL</subfield><subfield code='d'>MCCPP</subfield><subfield code='d'>OCLCO</subfield><subfield code='d'>ZCU</subfield></datafield><datafield ind1=' ' ind2=' ' tag='049'><subfield code='a'>ZCUA</subfield></datafield><datafield ind1=' ' ind2='4' tag='050'><subfield code='a'>PL994.19.S26</subfield><subfield code='b'>K87 2021</subfield></datafield><datafield ind1='0' ind2=' ' tag='092'><subfield code='a'>895.735</subfield><subfield code='2'>23</subfield></datafield><datafield ind1='1' ind2=' ' tag='100'><subfield code='6'>880-01</subfield><subfield code='a'>Chŏn, Sam-hye,</subfield><subfield code='d'>1987-</subfield><subfield code='e'>author.</subfield><subfield code='4'>http://id.loc.gov/vocabulary/relators/aut</subfield><subfield code='0'>http://id.loc.gov/authorities/names/n2022010085</subfield></datafield><datafield ind1='1' ind2='0' tag='245'><subfield code='6'>880-02</subfield><subfield code='a'>Kwedo ŭi pak esŏ, na ŭi rummeit&apos;ŭ ege :</subfield><subfield code='b'>Chŏn Sam-hye changp&apos;yŏn sosŏl.</subfield></datafield><datafield ind1=' ' ind2=' ' tag='250'><subfield code='6'>880-03</subfield><subfield code='a'>Ch&apos;op&apos;an.</subfield></datafield><datafield ind1=' ' ind2='1' tag='264'><subfield code='6'>880-04</subfield><subfield code='a'>Kyŏnggi-do P&apos;aju-si :</subfield><subfield code='b'>Munhak Tongne,</subfield><subfield code='c'>2021.</subfield></datafield><datafield ind1=' ' ind2='4' tag='264'><subfield code='c'>© 2021</subfield></datafield><datafield ind1=' ' ind2=' ' tag='300'><subfield code='a'>205 pages ;</subfield><subfield code='c'>21 cm.</subfield></datafield><datafield ind1=' ' ind2=' ' tag='336'><subfield code='a'>text</subfield><subfield code='b'>txt</subfield><subfield code='2'>rdacontent</subfield></datafield><datafield ind1=' ' ind2=' ' tag='337'><subfield code='a'>unmediated</subfield><subfield code='b'>n</subfield><subfield code='2'>rdamedia</subfield></datafield><datafield ind1=' ' ind2=' ' tag='338'><subfield code='a'>volume</subfield><subfield code='b'>nc</subfield><subfield code='2'>rdacarrier</subfield></datafield><datafield ind1='1' ind2=' ' tag='490'><subfield code='6'>880-05</subfield><subfield code='a'>Munhak Tongne ch&apos;ŏngsonyŏn ;</subfield><subfield code='v'>053</subfield></datafield><datafield ind1=' ' ind2=' ' tag='520'><subfield code='6'>880-06</subfield><subfield code='a'>&quot;This novel is about the earth being destroyed by an asteroid. But at least one peson is safe. There is a love that will never disappear even if the world ends.&quot; --</subfield><subfield code='c'>Cataloger&apos;s interpretation of fragments of the Korean synopsis</subfield></datafield><datafield ind1=' ' ind2=' ' tag='546'><subfield code='a'>In Korean.</subfield></datafield><datafield ind1='1' ind2=' ' tag='521'><subfield code='a'>Approximately for ages 12-18 years.</subfield></datafield><datafield ind1=' ' ind2='0' tag='650'><subfield code='a'>Asteroids</subfield><subfield code='x'>Collisions with Earth</subfield><subfield code='v'>Fiction.</subfield></datafield><datafield ind1=' ' ind2='0' tag='650'><subfield code='a'>Teenagers</subfield><subfield code='v'>Fiction.</subfield><subfield code='0'>http://id.loc.gov/authorities/subjects/sh2008112709</subfield></datafield><datafield ind1=' ' ind2='0' tag='650'><subfield code='a'>Roommates</subfield><subfield code='v'>Fiction.</subfield><subfield code='0'>http://id.loc.gov/authorities/subjects/sh2008110985</subfield></datafield><datafield ind1=' ' ind2='0' tag='650'><subfield code='a'>Friendship in youth</subfield><subfield code='v'>Fiction.</subfield></datafield><datafield ind1=' ' ind2='0' tag='650'><subfield code='a'>First loves</subfield><subfield code='v'>Fiction.</subfield><subfield code='0'>http://id.loc.gov/authorities/subjects/sh2008103607</subfield></datafield><datafield ind1=' ' ind2='0' tag='650'><subfield code='a'>Survival</subfield><subfield code='v'>Fiction.</subfield><subfield code='0'>http://id.loc.gov/authorities/subjects/sh2010114096</subfield></datafield><datafield ind1=' ' ind2='0' tag='650'><subfield code='a'>End of the world</subfield><subfield code='v'>Fiction.</subfield><subfield code='0'>http://id.loc.gov/authorities/subjects/sh2008103034</subfield></datafield><datafield ind1=' ' ind2='7' tag='650'><subfield code='a'>Asteroids</subfield><subfield code='x'>Collisions with Earth.</subfield><subfield code='2'>fast</subfield><subfield code='0'>(OCoLC)fst00819291</subfield></datafield><datafield ind1=' ' ind2='7' tag='650'><subfield code='a'>End of the world.</subfield><subfield code='2'>fast</subfield><subfield code='0'>(OCoLC)fst00909634</subfield></datafield><datafield ind1=' ' ind2='7' tag='650'><subfield code='a'>First loves.</subfield><subfield code='2'>fast</subfield><subfield code='0'>(OCoLC)fst00925778</subfield></datafield><datafield ind1=' ' ind2='7' tag='650'><subfield code='a'>Friendship in youth.</subfield><subfield code='2'>fast</subfield><subfield code='0'>(OCoLC)fst00935204</subfield></datafield><datafield ind1=' ' ind2='7' tag='650'><subfield code='a'>Roommates.</subfield><subfield code='2'>fast</subfield><subfield code='0'>(OCoLC)fst01100368</subfield></datafield><datafield ind1=' ' ind2='7' tag='650'><subfield code='a'>Survival.</subfield><subfield code='2'>fast</subfield><subfield code='0'>(OCoLC)fst01761768</subfield></datafield><datafield ind1=' ' ind2='7' tag='650'><subfield code='a'>Teenagers.</subfield><subfield code='2'>fast</subfield><subfield code='0'>(OCoLC)fst01145551</subfield></datafield><datafield ind1=' ' ind2='7' tag='655'><subfield code='a'>Apocalyptic fiction.</subfield><subfield code='2'>fast</subfield><subfield code='0'>(OCoLC)fst01921582</subfield></datafield><datafield ind1=' ' ind2='7' tag='655'><subfield code='a'>Fiction.</subfield><subfield code='2'>fast</subfield><subfield code='0'>(OCoLC)fst01423787</subfield></datafield><datafield ind1=' ' ind2='7' tag='655'><subfield code='a'>Novels.</subfield><subfield code='2'>fast</subfield><subfield code='0'>(OCoLC)fst01921742</subfield></datafield><datafield ind1=' ' ind2='7' tag='655'><subfield code='a'>Science fiction.</subfield><subfield code='2'>fast</subfield><subfield code='0'>(OCoLC)fst01726489</subfield></datafield><datafield ind1=' ' ind2='7' tag='655'><subfield code='a'>Science fiction.</subfield><subfield code='2'>lcgft</subfield><subfield code='0'>http://id.loc.gov/authorities/genreForms/gf2014026529</subfield></datafield><datafield ind1=' ' ind2='7' tag='655'><subfield code='a'>Apocalyptic fiction.</subfield><subfield code='2'>lcgft</subfield><subfield code='0'>http://id.loc.gov/authorities/genreForms/gf2014026226</subfield></datafield><datafield ind1=' ' ind2='7' tag='655'><subfield code='a'>Novels.</subfield><subfield code='2'>lcgft</subfield><subfield code='0'>http://id.loc.gov/authorities/genreForms/gf2015026020</subfield></datafield><datafield ind1=' ' ind2='0' tag='830'><subfield code='6'>880-07</subfield><subfield code='a'>Munhak tongne ch&apos;ŏngsonyŏn ;</subfield><subfield code='v'>053.</subfield><subfield code='0'>http://id.loc.gov/authorities/names/no2016093189</subfield></datafield><datafield ind1='1' ind2=' ' tag='880'><subfield code='6'>100-01</subfield><subfield code='a'>전 삼혜,</subfield><subfield code='d'>1987-</subfield><subfield code='e'>author.</subfield></datafield><datafield ind1='1' ind2='0' tag='880'><subfield code='6'>245-02</subfield><subfield code='a'>궤도 의 밖 에서, 나 의 룸메이트 에게 :</subfield><subfield code='b'>전삼혜 장편 소설</subfield></datafield><datafield ind1=' ' ind2=' ' tag='880'><subfield code='6'>250-03</subfield><subfield code='a'>초판.</subfield></datafield><datafield ind1=' ' ind2='1' tag='880'><subfield code='6'>264-04</subfield><subfield code='a'>경기도 파주시 :</subfield><subfield code='b'>문학 동네,</subfield><subfield code='c'>2021.</subfield></datafield><datafield ind1='1' ind2=' ' tag='880'><subfield code='6'>490-05</subfield><subfield code='a'>문학 동네 청소년 ;</subfield><subfield code='v'>053</subfield></datafield><datafield ind1=' ' ind2=' ' tag='880'><subfield code='6'>520-06</subfield><subfield code='a'>&quot;어느 토요일, 지구가 검은 구름으로 뒤덮였지만 한 사람은 무사하다. 종말의 비망록인 듯한 이 소설은 &apos;기적의 비화&apos;에 더 가깝다. 개개인의 사랑은 역사에 기록되지 않더라도, 사랑이 모여 이루어낸 기적은 어떤 식으로든 기록되기 마련임을 이 소설은 보여준다. 소설에는 달의 뒷면처럼 영영 모습을 감출 뻔했던 &apos;궤도 밖 아이들&apos;의 목소리가 또렷하게 기록되었다. 우리는 지구가 반파되는 비극을 목도하면서도 단 한 사람의 무사함에 깊이 안도하게 된다. 그 한 사람은 누군가의 세계였기에. 그러므로 이것은, 마지막 순간까지 서로를 놓지 않은 연대의 기록이자 한 세계가 끝나도 결코 사라지지 않을 사랑의 연대기이다.&quot; --</subfield><subfield code='c'>Cataloger&apos;s interpretation of fragments of the Korean synopsis</subfield></datafield><datafield ind1=' ' ind2='0' tag='880'><subfield code='6'>830-07</subfield><subfield code='a'>문학 동네 청소년 ;</subfield><subfield code='v'>053.</subfield></datafield><datafield ind1='0' ind2='0' tag='852'><subfield code='h'>PL994.19.S26 K87 2021</subfield><subfield code='0'>14944162</subfield><subfield code='b'>scsbcul</subfield></datafield><datafield ind1=' ' ind2=' ' tag='876'><subfield code='0'>14944162</subfield><subfield code='a'>21400548</subfield><subfield code='h'> </subfield><subfield code='j'>Available</subfield><subfield code='p'>CU26124122</subfield><subfield code='t'>1</subfield><subfield code='x'>Shared</subfield><subfield code='z'>CU</subfield><subfield code='l'>RECAP</subfield></datafield></record>