
<record><leader>04448cam a2200469Ii 4500</leader><controlfield tag='001'>SCSB-5728356</controlfield><controlfield tag='003'>NNC</controlfield><controlfield tag='005'>20230119030612.0</controlfield><controlfield tag='008'>140129s2012    ko       b    000 0dkor d</controlfield><controlfield tag='009'>10636905</controlfield><datafield ind1=' ' ind2=' ' tag='020'><subfield code='a'>9788963309316</subfield></datafield><datafield ind1=' ' ind2=' ' tag='020'><subfield code='a'>8963309312</subfield></datafield><datafield ind1=' ' ind2=' ' tag='035'><subfield code='a'>(OCoLC)ocn907873303</subfield></datafield><datafield ind1=' ' ind2=' ' tag='035'><subfield code='a'>(OCoLC)907873303</subfield></datafield><datafield ind1=' ' ind2=' ' tag='035'><subfield code='a'>(NNC)10636905</subfield></datafield><datafield ind1=' ' ind2=' ' tag='035'><subfield code='a'>10636905</subfield></datafield><datafield ind1=' ' ind2=' ' tag='040'><subfield code='a'>ZCU</subfield><subfield code='b'>eng</subfield><subfield code='e'>rda</subfield><subfield code='c'>ZCU</subfield></datafield><datafield ind1=' ' ind2='4' tag='050'><subfield code='a'>CT203.K6</subfield><subfield code='b'>Y53 2012</subfield></datafield><datafield ind1=' ' ind2=' ' tag='066'><subfield code='c'>$1</subfield></datafield><datafield ind1=' ' ind2=' ' tag='079'><subfield code='a'>ocn907873302</subfield></datafield><datafield ind1='1' ind2=' ' tag='100'><subfield code='6'>880-01</subfield><subfield code='a'>Yi, Pyŏng-uk,</subfield><subfield code='d'>1950-</subfield><subfield code='e'>author.</subfield><subfield code='4'>http://id.loc.gov/vocabulary/relators/aut</subfield><subfield code='0'>http://id.loc.gov/authorities/names/n2013056982</subfield></datafield><datafield ind1='1' ind2='0' tag='245'><subfield code='6'>880-02</subfield><subfield code='a'>Chŏngsin punsŏk ŭl t&apos;onghae pon yongmang kwa hwansang ŭi segye :</subfield><subfield code='b'>han sidae rŭl twihŭndŭn 33-in ŭi sam ŭl punsŏk hada /</subfield><subfield code='c'>chŏngsin kŏn&apos;gang ŭihakkwa chŏnmun ŭi Yi Pyŏng-uk chiŭm.</subfield></datafield><datafield ind1='3' ind2='0' tag='246'><subfield code='6'>880-03</subfield><subfield code='a'>Yongmang kwa hwansang ŭi segye</subfield></datafield><datafield ind1=' ' ind2=' ' tag='250'><subfield code='6'>880-04</subfield><subfield code='a'>1-p&apos;an.</subfield></datafield><datafield ind1=' ' ind2='1' tag='264'><subfield code='6'>880-05</subfield><subfield code='a'>Sŏul-si :</subfield><subfield code='b'>Hakchisa,</subfield><subfield code='c'>2012.</subfield></datafield><datafield ind1=' ' ind2=' ' tag='300'><subfield code='a'>511 pages ;</subfield><subfield code='c'>23 cm</subfield></datafield><datafield ind1=' ' ind2=' ' tag='336'><subfield code='a'>text</subfield><subfield code='b'>txt</subfield><subfield code='2'>rdacontent</subfield></datafield><datafield ind1=' ' ind2=' ' tag='337'><subfield code='a'>unmediated</subfield><subfield code='b'>n</subfield><subfield code='2'>rdamedia</subfield></datafield><datafield ind1=' ' ind2=' ' tag='338'><subfield code='a'>volume</subfield><subfield code='b'>nc</subfield><subfield code='2'>rdacarrier</subfield></datafield><datafield ind1='0' ind2=' ' tag='505'><subfield code='6'>880-06</subfield><subfield code='a'>Part 1. Kobaek munhak ŭi taegadŭl: Sŏng augusŭt&apos;inusŭ ŭi Kobaek -- Ruso ŭi &quot;Emil&quot; kwa &quot;Ch&apos;amhoerok&quot; -- T&apos;olsŭt&apos;oi ŭi &quot;Ch&apos;amhoerok&quot; -- Sarŭt&apos;ŭrŭ ŭi &quot;Mal&quot; -- Alt&apos;wiserŭ ŭi kobaek -- Part 2. Yŏng kwa yuk ŭi kallimkil esŏ: Abellarŭ wa Elloijŭ -- Rut&apos;ŏ wa Loyolla -- Yuhok ŭi tarin K&apos;asanoba -- Kandi ŭi mosun -- Chim Chonsŭ wa Inmin Sawŏn -- Part 3. Sarang kwa mium e hŭndŭllinŭn kaltae ch&apos;ŏrŏm: Pet&apos;oben ŭi kot&apos;ong kwa yŏlchŏng -- Mungk&apos;ŭ ŭi chŏlgyu -- Nich&apos;e wa Charat&apos;usŭt&apos;ŭra -- Wihŏm han yŏin Lu Sallome -- Ainsyut&apos;ain ŭi tunoe wa sarang -- Chinsŭk&apos;i wa Isadora Tŏngk&apos;ŏn -- P&apos;ŭrida K&apos;allo ŭi ch&apos;osang -- Taiaena ŭi pigŭk -- Part 4. Yongmang kwa hwansang ŭl sŭk&apos;ŭrin e omgida: Hŭigŭk ŭi ch&apos;ŏnjae Ch&apos;aep&apos;ŭllin -- Kongp&apos;o ŭi tarin Hich&apos;ik&apos;ok -- P&apos;asollini ŭi sŏng kwa chugŭm -- Inggŭmarŭ Perŭiman ŭi yŏngsang ch&apos;ŏrhak -- Roman P&apos;ollansŭk&apos;i ŭi sangsil -- Part 5. P&apos;ongnyŏk kwa chugŭm ŭi mihak: Hit&apos;ŭllŏ ŭi kwanggi -- Palk&apos;an ŭi tosalcha P&apos;abellich&apos;i wa K&apos;arajich&apos;i -- Ch&apos;e Kebara, millim ŭi sŏngja in&apos;ga silp&apos;ae han T&apos;ajan in&apos;ga -- Misima wa Kawabat&apos;a ŭi chugŭm -- Halliudŭ ŭi angma Ch&apos;alsŭ Maensŭn.</subfield></datafield><datafield ind1=' ' ind2=' ' tag='504'><subfield code='a'>Includes bibliographical references (pages 509-511).</subfield></datafield><datafield ind1=' ' ind2='0' tag='650'><subfield code='a'>Celebrities</subfield><subfield code='v'>Biography.</subfield><subfield code='0'>http://id.loc.gov/authorities/subjects/sh2008100234</subfield></datafield><datafield ind1=' ' ind2='0' tag='650'><subfield code='a'>Psychoanalysis</subfield><subfield code='v'>Popular works.</subfield></datafield><datafield ind1=' ' ind2='0' tag='650'><subfield code='a'>Psychoanalysis and literature</subfield><subfield code='v'>Popular works.</subfield></datafield><datafield ind1=' ' ind2='0' tag='650'><subfield code='a'>Psychoanalysis and motion pictures</subfield><subfield code='v'>Popular works.</subfield></datafield><datafield ind1='1' ind2=' ' tag='880'><subfield code='6'>100-01/$1</subfield><subfield code='a'>이 병욱,</subfield><subfield code='d'>1950-</subfield><subfield code='e'>author.</subfield></datafield><datafield ind1='1' ind2='0' tag='880'><subfield code='6'>245-02/$1</subfield><subfield code='a'>정신 분석 을 통해 본 욕망 과 환상 의 세계 :</subfield><subfield code='b'>한 시대 를 뒤흔든 33인 의 삶 을 분석 하다 /</subfield><subfield code='c'>정신 건강 의학과 전문 의 이 병욱 지음.</subfield></datafield><datafield ind1='3' ind2='0' tag='880'><subfield code='6'>246-03/$1</subfield><subfield code='a'>욕망 과 환상 의 세계</subfield></datafield><datafield ind1=' ' ind2=' ' tag='880'><subfield code='6'>250-04/$1</subfield><subfield code='a'>1판.</subfield></datafield><datafield ind1=' ' ind2='1' tag='880'><subfield code='6'>264-05/$1</subfield><subfield code='a'>서울시 :</subfield><subfield code='b'>학지사,</subfield><subfield code='c'>2012.</subfield></datafield><datafield ind1='0' ind2=' ' tag='880'><subfield code='6'>505-06/$1</subfield><subfield code='a'>Part 1. 고백 문학 의 대가들: 성 아우구스티누스 의 고백 -- 루소 의 &quot;에밀&quot; 과 &quot;참회록&quot; -- 톨스토이 의 &quot;참회록&quot; -- 사르트르 의 &quot;말&quot; -- 알튀세르 의 고백 -- Part 2. 영 과 육 의 갈림길 에서: 아벨라르 와 엘로이즈 -- 루터 와 로[yol]라 -- 유혹 의 달인 카사노바 -- 간디 의 모순 -- 짐 존스 와 인민 사원 -- Part 3. 사랑 과 미움 에 흔들리는 갈대 처럼: 베토벤 의 고통 과 열정 -- 뭉크 의 절규 -- 니체 와 자라투스트라 -- 위험 한 여인 루 살로메 -- 아인슈타인 의 두뇌 와 사랑 -- 진스키 와 이사도라 덩컨 -- 프리다 칼로 의 초상 -- 다이애나 의 비극 -- Part 4. 욕망 과 환상 을 스크린 에 옮기다: 희극 의 천재 채플린 -- 공포 의 달인 히치콕 -- 파솔리니 의 성 과 죽음 -- 잉그마르 베르이만 의 영상 철학 -- 로만 폴란스키 의 상실 -- Part 5. 폭력 과 죽음 의 미학: 히틀러 의 광기 -- 발칸 의 도살자 파벨리치 와 카라지치 -- 체 게바라, 밀림 의 성자 인가 실패 한 타잔 인가 -- 미시마 와 가와바타 의 죽음 -- 할리우드 의 악마 찰스 맨슨.</subfield></datafield><datafield ind1='0' ind2='0' tag='852'><subfield code='h'>CT203.K6 Y53 2012</subfield><subfield code='0'>5718163</subfield><subfield code='b'>scsbcul</subfield></datafield><datafield ind1=' ' ind2=' ' tag='876'><subfield code='0'>5718163</subfield><subfield code='a'>8422941</subfield><subfield code='h'> </subfield><subfield code='j'>Available</subfield><subfield code='p'>CU24382744</subfield><subfield code='t'>1</subfield><subfield code='x'>Shared</subfield><subfield code='z'>CU</subfield><subfield code='l'>RECAP</subfield></datafield></record>