
<record><leader>01666cam a2200409Ia 4500</leader><controlfield tag='001'>SCSB-5437965</controlfield><controlfield tag='003'>NNC</controlfield><controlfield tag='005'>20221205190033.0</controlfield><controlfield tag='008'>070719m20069999ko            000 1 kor d</controlfield><controlfield tag='009'>6918648</controlfield><datafield ind1=' ' ind2=' ' tag='020'><subfield code='a'>8991990371 (v.1)</subfield></datafield><datafield ind1=' ' ind2=' ' tag='020'><subfield code='a'>9788991990371 (v.1)</subfield></datafield><datafield ind1=' ' ind2=' ' tag='020'><subfield code='a'>8991990363 (chŏn 15-kwŏn)</subfield></datafield><datafield ind1=' ' ind2=' ' tag='020'><subfield code='a'>9788991990364 (chŏn 15-kwŏn)</subfield></datafield><datafield ind1=' ' ind2=' ' tag='035'><subfield code='a'>(OCoLC)156853657</subfield></datafield><datafield ind1=' ' ind2=' ' tag='035'><subfield code='a'>(OCoLC)415157858</subfield></datafield><datafield ind1=' ' ind2=' ' tag='035'><subfield code='a'>(OCoLC)416642292</subfield></datafield><datafield ind1=' ' ind2=' ' tag='035'><subfield code='a'>(NNC)6918648</subfield></datafield><datafield ind1=' ' ind2=' ' tag='035'><subfield code='a'>6918648</subfield></datafield><datafield ind1=' ' ind2=' ' tag='040'><subfield code='a'>CSL</subfield><subfield code='c'>ZCU</subfield><subfield code='d'>CSL</subfield><subfield code='d'>ZCU</subfield></datafield><datafield ind1=' ' ind2=' ' tag='066'><subfield code='c'>$1</subfield></datafield><datafield ind1=' ' ind2=' ' tag='079'><subfield code='a'>ocn156853657</subfield></datafield><datafield ind1=' ' ind2=' ' tag='090'><subfield code='a'>PL992.24.Y67</subfield><subfield code='b'>P85 2006</subfield></datafield><datafield ind1='1' ind2=' ' tag='100'><subfield code='6'>880-01</subfield><subfield code='a'>Ha, Yong-jun,</subfield><subfield code='d'>1965-</subfield><subfield code='0'>http://id.loc.gov/authorities/names/no00052990</subfield></datafield><datafield ind1='1' ind2='0' tag='245'><subfield code='6'>880-02</subfield><subfield code='a'>Pukpi :</subfield><subfield code='b'>Ha Yong-jun taeha yŏksa sosŏl.</subfield></datafield><datafield ind1=' ' ind2=' ' tag='250'><subfield code='6'>880-03</subfield><subfield code='a'>Chʻopʻan.</subfield></datafield><datafield ind1=' ' ind2=' ' tag='260'><subfield code='6'>880-04</subfield><subfield code='a'>Sŏul-si :</subfield><subfield code='b'>Kŭl Nurim,</subfield><subfield code='c'>2006-</subfield></datafield><datafield ind1=' ' ind2=' ' tag='300'><subfield code='a'>volumes ;</subfield><subfield code='c'>23 cm</subfield></datafield><datafield ind1=' ' ind2=' ' tag='336'><subfield code='a'>text</subfield><subfield code='b'>txt</subfield><subfield code='2'>rdacontent</subfield></datafield><datafield ind1=' ' ind2=' ' tag='337'><subfield code='a'>unmediated</subfield><subfield code='b'>n</subfield><subfield code='2'>rdamedia</subfield></datafield><datafield ind1='1' ind2=' ' tag='505'><subfield code='6'>880-05</subfield><subfield code='a'>Che 1-kwŏn. Pyŏlme rŭl chʻajadŭnŭn pyŏltŭl -- che 2-kwŏn. Pʻungun ŭi simyŏn -- che 3-kwŏn. Muwŏn ŭi kil -- che 4-kwŏn. Kadŏn kil ŏttŭrŏ -- che 5-kwŏn. Talpit ŭl narŭnŭn kkot</subfield></datafield><datafield ind1='1' ind2=' ' tag='880'><subfield code='6'>100-01/$1</subfield><subfield code='a'>하 용준,</subfield><subfield code='d'>1965-</subfield></datafield><datafield ind1='1' ind2='0' tag='880'><subfield code='6'>245-02/$1</subfield><subfield code='a'>북비 :</subfield><subfield code='b'>하 용준 대하 역사 소설.</subfield></datafield><datafield ind1=' ' ind2=' ' tag='880'><subfield code='6'>250-03/$1</subfield><subfield code='a'>초판.</subfield></datafield><datafield ind1=' ' ind2=' ' tag='880'><subfield code='6'>260-04/$1</subfield><subfield code='a'>서울시 :</subfield><subfield code='b'>글누림,</subfield><subfield code='c'>2006-</subfield></datafield><datafield ind1='1' ind2=' ' tag='880'><subfield code='6'>505-05/$1</subfield><subfield code='a'>제 1권. 별메 를 찾아드는 별들 -- 제 2권. 풍운 의 심연 -- 제 3권. 무원 의 길 -- 제 4권. 가던 길 엇들어 -- 제 5권. 달빛 을 나르는 꽃</subfield></datafield><datafield ind1='0' ind2='1' tag='852'><subfield code='h'>PL992.24.Y67 P85 2006</subfield><subfield code='0'>5429162</subfield><subfield code='b'>scsbcul</subfield></datafield><datafield ind1='0' ind2='0' tag='866'><subfield code='a'>v.1-5</subfield><subfield code='0'>5429162</subfield></datafield><datafield ind1=' ' ind2=' ' tag='876'><subfield code='0'>5429162</subfield><subfield code='3'>v.1</subfield><subfield code='a'>8069374</subfield><subfield code='h'> </subfield><subfield code='j'>Available</subfield><subfield code='p'>CU16042018</subfield><subfield code='t'>1</subfield><subfield code='x'>Shared</subfield><subfield code='z'>CU</subfield><subfield code='l'>RECAP</subfield></datafield><datafield ind1=' ' ind2=' ' tag='876'><subfield code='0'>5429162</subfield><subfield code='3'>v.2</subfield><subfield code='a'>8069375</subfield><subfield code='h'> </subfield><subfield code='j'>Available</subfield><subfield code='p'>CU16042034</subfield><subfield code='t'>1</subfield><subfield code='x'>Shared</subfield><subfield code='z'>CU</subfield><subfield code='l'>RECAP</subfield></datafield><datafield ind1=' ' ind2=' ' tag='876'><subfield code='0'>5429162</subfield><subfield code='3'>v.3</subfield><subfield code='a'>8069376</subfield><subfield code='h'> </subfield><subfield code='j'>Available</subfield><subfield code='p'>CU16042026</subfield><subfield code='t'>1</subfield><subfield code='x'>Shared</subfield><subfield code='z'>CU</subfield><subfield code='l'>RECAP</subfield></datafield><datafield ind1=' ' ind2=' ' tag='876'><subfield code='0'>5429162</subfield><subfield code='3'>v.4</subfield><subfield code='a'>8069377</subfield><subfield code='h'> </subfield><subfield code='j'>Available</subfield><subfield code='p'>CU16041771</subfield><subfield code='t'>1</subfield><subfield code='x'>Shared</subfield><subfield code='z'>CU</subfield><subfield code='l'>RECAP</subfield></datafield><datafield ind1=' ' ind2=' ' tag='876'><subfield code='0'>5429162</subfield><subfield code='3'>v.5</subfield><subfield code='a'>8069378</subfield><subfield code='h'> </subfield><subfield code='j'>Available</subfield><subfield code='p'>CU16041526</subfield><subfield code='t'>1</subfield><subfield code='x'>Shared</subfield><subfield code='z'>CU</subfield><subfield code='l'>RECAP</subfield></datafield></record>