
<record><leader>00000cam a2200325Ii 4500</leader><controlfield tag='001'>SCSB-13750099</controlfield><controlfield tag='005'>20170616084909.0</controlfield><controlfield tag='008'>170429s2016    ko            000 1 kor d</controlfield><controlfield tag='009'>990149797210203941</controlfield><datafield ind1=' ' ind2=' ' tag='020'><subfield code='a'>9791187433033</subfield></datafield><datafield ind1=' ' ind2=' ' tag='035'><subfield code='a'>(OCoLC)984912269</subfield></datafield><datafield ind1=' ' ind2=' ' tag='040'><subfield code='a'>CER</subfield><subfield code='b'>eng</subfield><subfield code='e'>rda</subfield><subfield code='c'>CER</subfield><subfield code='d'>CER</subfield><subfield code='d'>HMY</subfield></datafield><datafield ind1=' ' ind2='4' tag='050'><subfield code='a'>PL994.415.S228</subfield><subfield code='b'>L39 2016</subfield></datafield><datafield ind1='1' ind2=' ' tag='100'><subfield code='6'>880-01</subfield><subfield code='a'>Kim, Sallome,</subfield><subfield code='e'>author.</subfield></datafield><datafield ind1='1' ind2=' ' tag='880'><subfield code='6'>100-01/</subfield><subfield code='a'>김살로메,</subfield><subfield code='e'>author.</subfield></datafield><datafield ind1='1' ind2='0' tag='245'><subfield code='6'>880-02</subfield><subfield code='a'>Layohane ŭi usan :</subfield><subfield code='b'>Kim Sallome sosŏljip.</subfield></datafield><datafield ind1='1' ind2='0' tag='880'><subfield code='6'>245-02/</subfield><subfield code='a'>라요하네의우산 :</subfield><subfield code='b'>김살로메소설집.</subfield></datafield><datafield ind1=' ' ind2=' ' tag='250'><subfield code='6'>880-03</subfield><subfield code='a'>Ch&apos;op&apos;an.</subfield></datafield><datafield ind1=' ' ind2=' ' tag='880'><subfield code='6'>250-03/</subfield><subfield code='a'>초판.</subfield></datafield><datafield ind1=' ' ind2='1' tag='264'><subfield code='6'>880-04</subfield><subfield code='a'>Sŏul-si :</subfield><subfield code='b'>Munhak ŭi Munhak,</subfield><subfield code='c'>2016.</subfield></datafield><datafield ind1=' ' ind2='1' tag='880'><subfield code='6'>264-04/</subfield><subfield code='a'>서울시 :</subfield><subfield code='b'>문학의문학,</subfield><subfield code='c'>2016.</subfield></datafield><datafield ind1=' ' ind2=' ' tag='300'><subfield code='a'>319 pages ;</subfield><subfield code='c'>22 cm</subfield></datafield><datafield ind1=' ' ind2=' ' tag='336'><subfield code='a'>text</subfield><subfield code='b'>txt</subfield><subfield code='2'>rdacontent</subfield></datafield><datafield ind1=' ' ind2=' ' tag='337'><subfield code='a'>unmediated</subfield><subfield code='b'>n</subfield><subfield code='2'>rdamedia</subfield></datafield><datafield ind1=' ' ind2=' ' tag='338'><subfield code='a'>volume</subfield><subfield code='b'>nc</subfield><subfield code='2'>rdacarrier</subfield></datafield><datafield ind1='0' ind2=' ' tag='505'><subfield code='6'>880-05</subfield><subfield code='a'>Albino ŭi hangari -- Amhŭk siktang -- Layohane ŭi usan -- Kwihyu -- P&apos;i ŭi iryoil -- Kang kŏnnŏ teiji -- Nuga pinji rŭl chamganna -- Oenson en talgang kkot -- Ap&apos;ollo rŭl ssibŏssŏ -- Appa nŭn siin ida.</subfield></datafield><datafield ind1='0' ind2=' ' tag='880'><subfield code='6'>505-05/</subfield><subfield code='a'>알비노의항아리 -- 암흑식당 -- 라요하네의우산 -- 귀휴 -- 피의일요일 -- 강건너데이지 -- 누가빈지를잠갔나 -- 왼손엔달강꽃 -- 아폴로를씹었어 -- 아빠는시인이다.</subfield></datafield><datafield ind1=' ' ind2='7' tag='655'><subfield code='a'>short stories.</subfield><subfield code='2'>aat</subfield></datafield><datafield ind1=' ' ind2='7' tag='655'><subfield code='a'>Short stories</subfield><subfield code='2'>fast</subfield><subfield code='0'>(OCoLC)fst01726740</subfield></datafield><datafield ind1=' ' ind2='7' tag='655'><subfield code='a'>Short stories</subfield><subfield code='2'>lcgft</subfield></datafield><datafield ind1=' ' ind2='7' tag='655'><subfield code='a'>Nouvelles.</subfield><subfield code='2'>rvmgf</subfield></datafield><datafield ind1='0' ind2=' ' tag='852'><subfield code='c'>HDK</subfield><subfield code='h'>PL994.415.S228</subfield><subfield code='i'>L39 2016</subfield><subfield code='0'>14667475</subfield><subfield code='b'>scsbhl</subfield></datafield><datafield ind1=' ' ind2=' ' tag='876'><subfield code='0'>14667475</subfield><subfield code='a'>21067880</subfield><subfield code='h'> </subfield><subfield code='j'>Available</subfield><subfield code='k'>HYL</subfield><subfield code='p'>32044141969121</subfield><subfield code='x'>Uncommittable</subfield><subfield code='z'>HY</subfield><subfield code='l'>HD</subfield></datafield></record>