
<record><leader>03230cam a2200445Ii 4500</leader><controlfield tag='001'>SCSB-15066927</controlfield><controlfield tag='003'>NNC</controlfield><controlfield tag='005'>20240626200331.0</controlfield><controlfield tag='008'>221122s2022    ko a          000 0 kor d</controlfield><controlfield tag='009'>17011838</controlfield><datafield ind1=' ' ind2=' ' tag='020'><subfield code='a'>9791190538480</subfield></datafield><datafield ind1=' ' ind2=' ' tag='035'><subfield code='a'>(OCoLC)on1351520197</subfield></datafield><datafield ind1=' ' ind2=' ' tag='035'><subfield code='a'>(OCoLC)1351520197</subfield></datafield><datafield ind1=' ' ind2=' ' tag='035'><subfield code='a'>17011838</subfield></datafield><datafield ind1=' ' ind2=' ' tag='040'><subfield code='a'>BRG</subfield><subfield code='b'>eng</subfield><subfield code='e'>rda</subfield><subfield code='c'>BRG</subfield><subfield code='d'>BRG</subfield><subfield code='d'>OCLCF</subfield><subfield code='d'>NZAUC</subfield><subfield code='d'>ZCU</subfield></datafield><datafield ind1=' ' ind2=' ' tag='049'><subfield code='a'>ZCUA</subfield></datafield><datafield ind1=' ' ind2='4' tag='050'><subfield code='a'>BJ1594.5.K6</subfield><subfield code='b'>P334 2022</subfield></datafield><datafield ind1='0' ind2=' ' tag='092'><subfield code='a'>158.1</subfield><subfield code='2'>23</subfield></datafield><datafield ind1='1' ind2=' ' tag='100'><subfield code='6'>880-01</subfield><subfield code='a'>Pak, Chi-hyŏn,</subfield><subfield code='e'>author.</subfield><subfield code='4'>http://id.loc.gov/vocabulary/relators/aut</subfield><subfield code='0'>http://id.loc.gov/authorities/names/n2006081205</subfield></datafield><datafield ind1='1' ind2='0' tag='245'><subfield code='6'>880-02</subfield><subfield code='a'>Ch&apos;am kwaench&apos;anŭn t&apos;aedo :</subfield><subfield code='b'>15-yŏn tongan kil wi esŏ mannan sumanŭn saramdŭl ege paeun sam ŭi ŭimi /</subfield><subfield code='c'>Pak Chi-hyŏn chiŭm ; [Ohaio illŏsŭt&apos;ŭ].</subfield></datafield><datafield ind1=' ' ind2=' ' tag='250'><subfield code='6'>880-03</subfield><subfield code='a'>Ch&apos;op&apos;an.</subfield></datafield><datafield ind1=' ' ind2='1' tag='264'><subfield code='6'>880-04</subfield><subfield code='a'>Sŏul-si :</subfield><subfield code='b'>Meibŭn,</subfield><subfield code='c'>2022.</subfield></datafield><datafield ind1=' ' ind2=' ' tag='300'><subfield code='a'>310 pages :</subfield><subfield code='b'>color illustrations ;</subfield><subfield code='c'>20 cm.</subfield></datafield><datafield ind1=' ' ind2=' ' tag='336'><subfield code='a'>text</subfield><subfield code='b'>txt</subfield><subfield code='2'>rdacontent</subfield></datafield><datafield ind1=' ' ind2=' ' tag='337'><subfield code='a'>unmediated</subfield><subfield code='b'>n</subfield><subfield code='2'>rdamedia</subfield></datafield><datafield ind1=' ' ind2=' ' tag='338'><subfield code='a'>volume</subfield><subfield code='b'>nc</subfield><subfield code='2'>rdacarrier</subfield></datafield><datafield ind1='1' ind2=' ' tag='490'><subfield code='6'>880-05</subfield><subfield code='a'>Idŏsŭ wŏn k&apos;ŭn kŭlcha tosŏ</subfield></datafield><datafield ind1=' ' ind2='0' tag='650'><subfield code='a'>Conduct of life.</subfield><subfield code='0'>http://id.loc.gov/authorities/subjects/sh85030802</subfield></datafield><datafield ind1=' ' ind2='7' tag='650'><subfield code='a'>Conduct of life.</subfield><subfield code='2'>fast</subfield><subfield code='0'>(OCoLC)fst00874563</subfield></datafield><datafield ind1=' ' ind2='0' tag='655'><subfield code='a'>Korean language materials.</subfield></datafield><datafield ind1='0' ind2=' ' tag='700'><subfield code='6'>880-06</subfield><subfield code='a'>Ohaio,</subfield><subfield code='e'>illustrator.</subfield><subfield code='4'>http://id.loc.gov/vocabulary/relators/ill</subfield></datafield><datafield ind1=' ' ind2='0' tag='830'><subfield code='6'>880-07</subfield><subfield code='a'>Idŏsŭ wŏn k&apos;ŭn kŭlcha tosŏ.</subfield></datafield><datafield ind1='1' ind2=' ' tag='880'><subfield code='6'>100-01</subfield><subfield code='a'>박 지현,</subfield><subfield code='e'>author.</subfield></datafield><datafield ind1='1' ind2='0' tag='880'><subfield code='6'>245-02</subfield><subfield code='a'>참 괜찮은 태도 :</subfield><subfield code='b'>15년 동안 길 위 에서 만난 수많은 사람들 에게 배운 삶 의 의미 /</subfield><subfield code='c'>박 지현 지음 ; [오하이오 일러스트]</subfield></datafield><datafield ind1=' ' ind2=' ' tag='880'><subfield code='6'>250-03</subfield><subfield code='a'>초판.</subfield></datafield><datafield ind1=' ' ind2='1' tag='880'><subfield code='6'>264-04</subfield><subfield code='a'>서울시 :</subfield><subfield code='b'>메이븐,</subfield><subfield code='c'>2022.</subfield></datafield><datafield ind1='1' ind2=' ' tag='880'><subfield code='6'>490-05</subfield><subfield code='a'>리더스 원 큰 글자 도서</subfield></datafield><datafield ind1=' ' ind2=' ' tag='880'><subfield code='6'>520-00</subfield><subfield code='a'>&quot;KBS &apos;다큐멘터리 3일&apos;, tvN &apos;유 퀴즈 온 더 블럭&apos;의 다큐멘터리 디렉터로 일해 온 저자가 길 위에서 만난 수많은 사람들에게 배운 삶의 의미와 단단한 인생의 태도들을 정리한 책이다. 저자는 15년 넘게 카메라를 들고 국내외 곳곳을 누비면서 노숙자부터 대통령까지 안 만나 본 사람이 없을 정도로 길 위에서 수많은 사람들을 만났다. 그리고 그들의 진솔한 이야기를 들으며 삶의 해답을 찾고 그들에게서 따뜻한 위로와 삶의 지혜를 얻어 왔다. 덕분에 저자는 자신이 얼마나 좁은 세상에서 수많은 오해와 편견에 사로잡혀 살아왔는지를 깨달을 수 있었고, 넓은 세상에 존재하는 다양한 사람들의 삶을 깊이 관찰하며 정말로 많은 것을 배웠다고 말한다. 그중에서도 후회 없는 인생을 원하는 사람들과 나누고 싶은 이야기들을 고르고 골라 이 책에 담았다. 단단한 삶을 살기 위해 어떤 삶의 태도를 지녀야 좋을지, 결국 우리를 살아가게 만드는 힘은 무엇인지, 나와 타인, 내 인생에 대한 최소한의 예의는 무엇인지, 앞으로 어떻게 나이 들고 싶은지....&quot; --</subfield><subfield code='c'>Yes24.com.</subfield></datafield><datafield ind1='0' ind2=' ' tag='880'><subfield code='6'>700-06</subfield><subfield code='a'>오하이오,</subfield><subfield code='e'>illustrator.</subfield></datafield><datafield ind1=' ' ind2='0' tag='880'><subfield code='6'>830-07</subfield><subfield code='a'>리더스 원 큰 글자 도서.</subfield></datafield><datafield ind1='0' ind2='0' tag='852'><subfield code='h'>BJ1594.5.K6 P334 2022</subfield><subfield code='0'>16151823</subfield><subfield code='b'>scsbcul</subfield></datafield><datafield ind1=' ' ind2=' ' tag='876'><subfield code='0'>16151823</subfield><subfield code='a'>22855584</subfield><subfield code='h'> </subfield><subfield code='j'>Available</subfield><subfield code='p'>CU30243009</subfield><subfield code='t'>1</subfield><subfield code='x'>Shared</subfield><subfield code='z'>CU</subfield><subfield code='l'>RECAP</subfield></datafield></record>