
<record><leader>04944cam a2200325Mi 4500</leader><controlfield tag='001'>SCSB-9718682</controlfield><controlfield tag='003'>NNC</controlfield><controlfield tag='005'>20230105020847.0</controlfield><controlfield tag='008'>140109m20139999kn a          000 0 kor  </controlfield><controlfield tag='009'>10614123</controlfield><datafield ind1=' ' ind2=' ' tag='035'><subfield code='a'>(OCoLC)ocn999618657</subfield></datafield><datafield ind1=' ' ind2=' ' tag='035'><subfield code='a'>(OCoLC)999618657</subfield></datafield><datafield ind1=' ' ind2=' ' tag='035'><subfield code='a'>(NNC)10614123</subfield></datafield><datafield ind1=' ' ind2=' ' tag='035'><subfield code='a'>10614123</subfield></datafield><datafield ind1=' ' ind2=' ' tag='040'><subfield code='a'>AU@</subfield><subfield code='b'>eng</subfield><subfield code='e'>rda</subfield><subfield code='c'>AU@</subfield><subfield code='d'>OCLCO</subfield><subfield code='d'>OCLCF</subfield><subfield code='d'>OCLCA</subfield><subfield code='d'>ZCU</subfield></datafield><datafield ind1=' ' ind2=' ' tag='043'><subfield code='a'>a-kr---</subfield><subfield code='a'>a-kn---</subfield></datafield><datafield ind1=' ' ind2='4' tag='050'><subfield code='a'>PZ50.531</subfield><subfield code='b'>.C56 2013</subfield></datafield><datafield ind1='0' ind2='0' tag='245'><subfield code='6'>880-01</subfield><subfield code='a'>Chosŏn yet iyagi kŭrimch&apos;aek.</subfield></datafield><datafield ind1=' ' ind2='1' tag='264'><subfield code='6'>880-02</subfield><subfield code='a'>[P&apos;yŏngyang] :</subfield><subfield code='b'>Chosŏn Ch&apos;ulp&apos;anmul Such&apos;uripsa,</subfield><subfield code='c'>Chuch&apos;e 102 [2013]-</subfield></datafield><datafield ind1=' ' ind2=' ' tag='300'><subfield code='a'>volumes :</subfield><subfield code='b'>color illustrations ;</subfield><subfield code='c'>21 cm</subfield></datafield><datafield ind1=' ' ind2=' ' tag='336'><subfield code='a'>text</subfield><subfield code='b'>txt</subfield><subfield code='2'>rdacontent</subfield></datafield><datafield ind1=' ' ind2=' ' tag='337'><subfield code='a'>unmediated</subfield><subfield code='b'>n</subfield><subfield code='2'>rdamedia</subfield></datafield><datafield ind1=' ' ind2=' ' tag='338'><subfield code='a'>volume</subfield><subfield code='2'>rdacarrier</subfield></datafield><datafield ind1='1' ind2=' ' tag='505'><subfield code='6'>880-03</subfield><subfield code='a'>v. 1. Tŭlchwi wa taramjwi -- v. 2. Mokch&apos;im i yak -- v. 3. Hŏt changsu -- v. 4. Pyŏngp&apos;ung sok ŭi horangi -- v. 5. Keŭrŭn nŏguri -- v. 6. Chiju nom ŭi kyeyaksŏ -- v. 7. Horangi wa mal tojŏk -- v. 8. Naemsae mat&apos;ŭn kap -- v. 9. Hwang sŏbang kwa Hwang chiju -- v. 10. Ttallang kwisin -- v. 11. Hyonyŏ Sim Ch&apos;ŏng -- v. 12. Samdori wa hak -- v. 13. Kkoe innŭn ai -- v. 14. Nongsa il ŭl tomnŭn kae -- v. 15. Sin&apos;gihan maedol -- v. 16. Kŭm tokki wa soe tokki -- v. 17. Tojŏk ŭl chabanaen sonyŏn -- v. 18. Ppullan nŏguri -- v. 19. Tŭlchwi ka korŭn sawi -- v. 20. Tal sok ŭi okt&apos;okki -- v. 21. Pyŏktong kunsu -- v. 22. Ne hyŏngje ŭi chaeju --v. 23. Mal an tuttŏn ch&apos;ŏnggaeguri -- v. 24. Horangi wa hwangso -- v. 25. Chiju wa mŏsŭm -- v. 26. Twi e onŭn mar ŭi chuin -- v. 27. Hwangŭm tŏngi wa kurengi -- v. 28. Utchul taedŏn mettugi -- v. 29. Tagal ro korŭn sawi -- v. 30. 3-nyŏn kogae -- v. 31. Shingihan soegangaji -- v. 32. Kimch&apos;i mat -- v. 33. Tu ch&apos;ingu -- v. 34. Kwi ka k&apos;ŭn t&apos;okki -- v. 35. Hyŏkkut&apos; e put&apos;ŭn pimil -- v. 36. Taramjwi rŭl ch&apos;ajagan se naljimsŭng -- v. 37. Torumegi -- v. 38. Chamjanŭn poch&apos;o -- v. 39. Yong pau wa ingŏ -- v. 40. Ŭnhye kapʻŭn kkachʻi -- v. 41. Sarainnŭn kŏbugi -- v. 42. Ŏrin chebi -- v. 43. Allyŏjiji anŭn yaksaem -- v. 44. Kaeguri ŭi chaeju -- v. 45. Pŏrim padŭn kkulkkuri -- v. 46. Kŏbugi wa horangi -- v. 47. Tŏlmi chapʻin yŏu -- v. 48. Soktam ŭl oeun p&apos;alssak tongi -- v. 49. Ŏl ppajin kom -- v. 50. Chagi rŭl mollattŏn kaeguri -- v. 51. K&apos;ŏjinun chip -- v. 52. Soktam kyŏrugi -- v. 53. Aengmusae -- v. 54. Kongtcha man choa hadaga -- v. 55. Pandal kom ne onui -- v. 56. Kkul tot&apos;ori han al -- v. 57. Tchallugi nŭn muŏt ŭl mollanna -- v. 58. Hwanggŭm yŏlmae ka yŏllinŭn namu -- v. 59. Pam seal -- v. 60. Kkoma kom ŭi kkaedolmang</subfield></datafield><datafield ind1=' ' ind2='0' tag='650'><subfield code='a'>Children&apos;s stories, Korean</subfield><subfield code='z'>Korea (North)</subfield><subfield code='0'>http://id.loc.gov/authorities/subjects/sh2009119241</subfield></datafield><datafield ind1=' ' ind2='0' tag='650'><subfield code='a'>Comic books, strips, etc.</subfield><subfield code='z'>Korea (North)</subfield></datafield><datafield ind1='0' ind2='0' tag='880'><subfield code='6'>245-01</subfield><subfield code='a'>조선 옛 이야기 그림책.</subfield></datafield><datafield ind1=' ' ind2='1' tag='880'><subfield code='6'>264-02</subfield><subfield code='a'>[평양] :</subfield><subfield code='b'>조선 출판물 수출입사,</subfield><subfield code='c'>주체 102 [2013]-</subfield></datafield><datafield ind1='1' ind2=' ' tag='880'><subfield code='6'>505-03</subfield><subfield code='a'>v. 1. 들쥐 와 다람쥐 -- v. 2. 목침 이 약 -- v. 3. 헛 장수 -- v. 4. 병풍 속 의 호랑이 -- v. 5. 게으른 너구리 -- v. 6. 지주 놈 의 계약서 -- v. 7. 호랑이 와 말 도적 -- v. 8. 냄새 맡은 값 -- v. 9. 황 서방 과 황 지주 -- v. 10. 딸랑 귀신 -- v. 11. 효녀 심 청 -- v. 12. 삼돌이 와 학 -- v. 13. 꾀 있는 아이 -- v. 14. 농사 일 을 돕는 개 -- v. 15. 신기한 매돌 -- v. 16. 금 도끼 와 쇠 도끼 -- v. 17. 도적 을 잡아낸 소년 -- v. 18. 뿔난 너구리 -- v. 19. 들쥐 가 고른 사위 -- v. 20. 달 속 의 옥토끼 -- v. 21. 벽동 군수 -- v. 22. 네 형제 의 재주 -- v. 23. 말 안 듣던 청 개구리 -- v. 24. 호랑이 와 황소 -- v. 25. 지주 와 머슴 -- v. 26. 뒤 에 오는 말 의 주인 -- v. 27. 황금 덩이 와 구렝이 -- v. 28. 우쭐 대던 메뚜기 -- v. 29. 닭 알 로 고른 사위 -- v. 30. 3년 고개 -- v. 31. 신기한 쇠 강아지 -- v. 32. 김치 맛 -- v. 33. 두 친구 -- v. 34. 귀 가 큰 토끼 -- v. 35. 혀 끝 에 붙은 비밀 -- v. 36. 다람쥐 를 찾아간 세 날 짐승 -- v. 37. 도루메기 -- v. 38. 잠자는 보초 -- v. 39. 용 바우 와 잉어 -- v. 40. 은혜 갚은 까치 -- v. 41. 살아 있는 거부기 -- v. 42. 어린 제비 -- v. 43. 알려지지 않은 약 샘 -- v. 44. 개구리 의 재주 -- v. 45. 버림 받은 꿀꿀이 -- v. 46. 거부기 와 호랑이 -- v. 47. 덜미 잡힌 여우 -- v. 48. 속담 을 외운 팔삭 동이 -- v. 49. 얼 빠진 곰 -- v. 50. 자기 를 몰랐던 개구리 -- v. 51. 커지는 집 -- v. 52. 속담 겨루기 -- v. 53. 앵무새 -- v. 54. 공짜 만 좋아하다가 -- v. 55. 반달 곰 네 오누이 -- v. 56. 꿀 도토리 한 알 -- v. 57. 짤룩이 는 무엇 을 몰랐나 -- v. 58. 황금 열매 가 열리는 나무 -- v. 59. 밤 세알 -- v. 60. 꼬마 곰 의 깨돌망</subfield></datafield><datafield ind1='0' ind2='1' tag='852'><subfield code='h'>PZ50.531 .C56 2013</subfield><subfield code='0'>10354711</subfield><subfield code='b'>scsbcul</subfield></datafield><datafield ind1='0' ind2='0' tag='866'><subfield code='a'>v.1-60</subfield><subfield code='0'>10354711</subfield></datafield><datafield ind1=' ' ind2=' ' tag='876'><subfield code='0'>10354711</subfield><subfield code='3'>v.56</subfield><subfield code='a'>16090652</subfield><subfield code='h'> </subfield><subfield code='j'>Available</subfield><subfield code='p'>CU25895036</subfield><subfield code='t'>1</subfield><subfield code='x'>Shared</subfield><subfield code='z'>CU</subfield><subfield code='l'>RECAP</subfield></datafield><datafield ind1=' ' ind2=' ' tag='876'><subfield code='0'>10354711</subfield><subfield code='3'>v.55</subfield><subfield code='a'>16090681</subfield><subfield code='h'> </subfield><subfield code='j'>Available</subfield><subfield code='p'>CU25895028</subfield><subfield code='t'>1</subfield><subfield code='x'>Shared</subfield><subfield code='z'>CU</subfield><subfield code='l'>RECAP</subfield></datafield><datafield ind1=' ' ind2=' ' tag='876'><subfield code='0'>10354711</subfield><subfield code='3'>v.54</subfield><subfield code='a'>16090700</subfield><subfield code='h'> </subfield><subfield code='j'>Available</subfield><subfield code='p'>CU25895010</subfield><subfield code='t'>1</subfield><subfield code='x'>Shared</subfield><subfield code='z'>CU</subfield><subfield code='l'>RECAP</subfield></datafield><datafield ind1=' ' ind2=' ' tag='876'><subfield code='0'>10354711</subfield><subfield code='3'>v.60</subfield><subfield code='a'>16090723</subfield><subfield code='h'> </subfield><subfield code='j'>Available</subfield><subfield code='p'>CU25895079</subfield><subfield code='t'>1</subfield><subfield code='x'>Shared</subfield><subfield code='z'>CU</subfield><subfield code='l'>RECAP</subfield></datafield><datafield ind1=' ' ind2=' ' tag='876'><subfield code='0'>10354711</subfield><subfield code='3'>v.59</subfield><subfield code='a'>16090739</subfield><subfield code='h'> </subfield><subfield code='j'>Available</subfield><subfield code='p'>CU25895060</subfield><subfield code='t'>1</subfield><subfield code='x'>Shared</subfield><subfield code='z'>CU</subfield><subfield code='l'>RECAP</subfield></datafield><datafield ind1=' ' ind2=' ' tag='876'><subfield code='0'>10354711</subfield><subfield code='3'>v.58</subfield><subfield code='a'>16090760</subfield><subfield code='h'> </subfield><subfield code='j'>Available</subfield><subfield code='p'>CU25895052</subfield><subfield code='t'>1</subfield><subfield code='x'>Shared</subfield><subfield code='z'>CU</subfield><subfield code='l'>RECAP</subfield></datafield><datafield ind1=' ' ind2=' ' tag='876'><subfield code='0'>10354711</subfield><subfield code='3'>v.57</subfield><subfield code='a'>16090780</subfield><subfield code='h'> </subfield><subfield code='j'>Available</subfield><subfield code='p'>CU25895044</subfield><subfield code='t'>1</subfield><subfield code='x'>Shared</subfield><subfield code='z'>CU</subfield><subfield code='l'>RECAP</subfield></datafield><datafield ind1=' ' ind2=' ' tag='876'><subfield code='0'>10354711</subfield><subfield code='3'>v.42</subfield><subfield code='a'>16091098</subfield><subfield code='h'> </subfield><subfield code='j'>Available</subfield><subfield code='p'>CU25884891</subfield><subfield code='t'>1</subfield><subfield code='x'>Shared</subfield><subfield code='z'>CU</subfield><subfield code='l'>RECAP</subfield></datafield><datafield ind1=' ' ind2=' ' tag='876'><subfield code='0'>10354711</subfield><subfield code='3'>v.40</subfield><subfield code='a'>16091111</subfield><subfield code='h'> </subfield><subfield code='j'>Available</subfield><subfield code='p'>CU25884875</subfield><subfield code='t'>1</subfield><subfield code='x'>Shared</subfield><subfield code='z'>CU</subfield><subfield code='l'>RECAP</subfield></datafield><datafield ind1=' ' ind2=' ' tag='876'><subfield code='0'>10354711</subfield><subfield code='3'>v.41</subfield><subfield code='a'>16091158</subfield><subfield code='h'> </subfield><subfield code='j'>Available</subfield><subfield code='p'>CU25884883</subfield><subfield code='t'>1</subfield><subfield code='x'>Shared</subfield><subfield code='z'>CU</subfield><subfield code='l'>RECAP</subfield></datafield><datafield ind1=' ' ind2=' ' tag='876'><subfield code='0'>10354711</subfield><subfield code='3'>v.34</subfield><subfield code='a'>16091484</subfield><subfield code='h'> </subfield><subfield code='j'>Available</subfield><subfield code='p'>CU25884816</subfield><subfield code='t'>1</subfield><subfield code='x'>Shared</subfield><subfield code='z'>CU</subfield><subfield code='l'>RECAP</subfield></datafield><datafield ind1=' ' ind2=' ' tag='876'><subfield code='0'>10354711</subfield><subfield code='3'>v.35</subfield><subfield code='a'>16091521</subfield><subfield code='h'> </subfield><subfield code='j'>Available</subfield><subfield code='p'>CU25884824</subfield><subfield code='t'>1</subfield><subfield code='x'>Shared</subfield><subfield code='z'>CU</subfield><subfield code='l'>RECAP</subfield></datafield><datafield ind1=' ' ind2=' ' tag='876'><subfield code='0'>10354711</subfield><subfield code='3'>v.33</subfield><subfield code='a'>16091539</subfield><subfield code='h'> </subfield><subfield code='j'>Available</subfield><subfield code='p'>CU25884808</subfield><subfield code='t'>1</subfield><subfield code='x'>Shared</subfield><subfield code='z'>CU</subfield><subfield code='l'>RECAP</subfield></datafield><datafield ind1=' ' ind2=' ' tag='876'><subfield code='0'>10354711</subfield><subfield code='3'>v.39</subfield><subfield code='a'>16091548</subfield><subfield code='h'> </subfield><subfield code='j'>Available</subfield><subfield code='p'>CU25884867</subfield><subfield code='t'>1</subfield><subfield code='x'>Shared</subfield><subfield code='z'>CU</subfield><subfield code='l'>RECAP</subfield></datafield><datafield ind1=' ' ind2=' ' tag='876'><subfield code='0'>10354711</subfield><subfield code='3'>v.38</subfield><subfield code='a'>16091560</subfield><subfield code='h'> </subfield><subfield code='j'>Available</subfield><subfield code='p'>CU25884859</subfield><subfield code='t'>1</subfield><subfield code='x'>Shared</subfield><subfield code='z'>CU</subfield><subfield code='l'>RECAP</subfield></datafield><datafield ind1=' ' ind2=' ' tag='876'><subfield code='0'>10354711</subfield><subfield code='3'>v.36</subfield><subfield code='a'>16091575</subfield><subfield code='h'> </subfield><subfield code='j'>Available</subfield><subfield code='p'>CU25884832</subfield><subfield code='t'>1</subfield><subfield code='x'>Shared</subfield><subfield code='z'>CU</subfield><subfield code='l'>RECAP</subfield></datafield><datafield ind1=' ' ind2=' ' tag='876'><subfield code='0'>10354711</subfield><subfield code='3'>v.37</subfield><subfield code='a'>16091587</subfield><subfield code='h'> </subfield><subfield code='j'>Available</subfield><subfield code='p'>CU25884840</subfield><subfield code='t'>1</subfield><subfield code='x'>Shared</subfield><subfield code='z'>CU</subfield><subfield code='l'>RECAP</subfield></datafield><datafield ind1=' ' ind2=' ' tag='876'><subfield code='0'>10354711</subfield><subfield code='3'>v.52</subfield><subfield code='a'>16091677</subfield><subfield code='h'> </subfield><subfield code='j'>Available</subfield><subfield code='p'>CU25884999</subfield><subfield code='t'>1</subfield><subfield code='x'>Shared</subfield><subfield code='z'>CU</subfield><subfield code='l'>RECAP</subfield></datafield><datafield ind1=' ' ind2=' ' tag='876'><subfield code='0'>10354711</subfield><subfield code='3'>v.43</subfield><subfield code='a'>16092055</subfield><subfield code='h'> </subfield><subfield code='j'>Available</subfield><subfield code='p'>CU25884905</subfield><subfield code='t'>1</subfield><subfield code='x'>Shared</subfield><subfield code='z'>CU</subfield><subfield code='l'>RECAP</subfield></datafield><datafield ind1=' ' ind2=' ' tag='876'><subfield code='0'>10354711</subfield><subfield code='3'>v.46</subfield><subfield code='a'>16092083</subfield><subfield code='h'> </subfield><subfield code='j'>Available</subfield><subfield code='p'>CU25884930</subfield><subfield code='t'>1</subfield><subfield code='x'>Shared</subfield><subfield code='z'>CU</subfield><subfield code='l'>RECAP</subfield></datafield><datafield ind1=' ' ind2=' ' tag='876'><subfield code='0'>10354711</subfield><subfield code='3'>v.47</subfield><subfield code='a'>16092118</subfield><subfield code='h'> </subfield><subfield code='j'>Available</subfield><subfield code='p'>CU25884948</subfield><subfield code='t'>1</subfield><subfield code='x'>Shared</subfield><subfield code='z'>CU</subfield><subfield code='l'>RECAP</subfield></datafield><datafield ind1=' ' ind2=' ' tag='876'><subfield code='0'>10354711</subfield><subfield code='3'>v.44</subfield><subfield code='a'>16092124</subfield><subfield code='h'> </subfield><subfield code='j'>Available</subfield><subfield code='p'>CU25884913</subfield><subfield code='t'>1</subfield><subfield code='x'>Shared</subfield><subfield code='z'>CU</subfield><subfield code='l'>RECAP</subfield></datafield><datafield ind1=' ' ind2=' ' tag='876'><subfield code='0'>10354711</subfield><subfield code='3'>v.45</subfield><subfield code='a'>16092141</subfield><subfield code='h'> </subfield><subfield code='j'>Available</subfield><subfield code='p'>CU25884921</subfield><subfield code='t'>1</subfield><subfield code='x'>Shared</subfield><subfield code='z'>CU</subfield><subfield code='l'>RECAP</subfield></datafield><datafield ind1=' ' ind2=' ' tag='876'><subfield code='0'>10354711</subfield><subfield code='3'>v.50</subfield><subfield code='a'>16092175</subfield><subfield code='h'> </subfield><subfield code='j'>Available</subfield><subfield code='p'>CU25884972</subfield><subfield code='t'>1</subfield><subfield code='x'>Shared</subfield><subfield code='z'>CU</subfield><subfield code='l'>RECAP</subfield></datafield><datafield ind1=' ' ind2=' ' tag='876'><subfield code='0'>10354711</subfield><subfield code='3'>v.51</subfield><subfield code='a'>16092216</subfield><subfield code='h'> </subfield><subfield code='j'>Available</subfield><subfield code='p'>CU25884980</subfield><subfield code='t'>1</subfield><subfield code='x'>Shared</subfield><subfield code='z'>CU</subfield><subfield code='l'>RECAP</subfield></datafield><datafield ind1=' ' ind2=' ' tag='876'><subfield code='0'>10354711</subfield><subfield code='3'>v.48</subfield><subfield code='a'>16092233</subfield><subfield code='h'> </subfield><subfield code='j'>Available</subfield><subfield code='p'>CU25884956</subfield><subfield code='t'>1</subfield><subfield code='x'>Shared</subfield><subfield code='z'>CU</subfield><subfield code='l'>RECAP</subfield></datafield><datafield ind1=' ' ind2=' ' tag='876'><subfield code='0'>10354711</subfield><subfield code='3'>v.49</subfield><subfield code='a'>16092254</subfield><subfield code='h'> </subfield><subfield code='j'>Available</subfield><subfield code='p'>CU25884964</subfield><subfield code='t'>1</subfield><subfield code='x'>Shared</subfield><subfield code='z'>CU</subfield><subfield code='l'>RECAP</subfield></datafield><datafield ind1=' ' ind2=' ' tag='876'><subfield code='0'>10354711</subfield><subfield code='3'>v.21</subfield><subfield code='a'>16092300</subfield><subfield code='h'> </subfield><subfield code='j'>Available</subfield><subfield code='p'>CU25884662</subfield><subfield code='t'>1</subfield><subfield code='x'>Shared</subfield><subfield code='z'>CU</subfield><subfield code='l'>RECAP</subfield></datafield><datafield ind1=' ' ind2=' ' tag='876'><subfield code='0'>10354711</subfield><subfield code='3'>v.18</subfield><subfield code='a'>16092307</subfield><subfield code='h'> </subfield><subfield code='j'>Available</subfield><subfield code='p'>CU25884638</subfield><subfield code='t'>1</subfield><subfield code='x'>Shared</subfield><subfield code='z'>CU</subfield><subfield code='l'>RECAP</subfield></datafield><datafield ind1=' ' ind2=' ' tag='876'><subfield code='0'>10354711</subfield><subfield code='3'>v.19</subfield><subfield code='a'>16092322</subfield><subfield code='h'> </subfield><subfield code='j'>Available</subfield><subfield code='p'>CU25884646</subfield><subfield code='t'>1</subfield><subfield code='x'>Shared</subfield><subfield code='z'>CU</subfield><subfield code='l'>RECAP</subfield></datafield><datafield ind1=' ' ind2=' ' tag='876'><subfield code='0'>10354711</subfield><subfield code='3'>v.24</subfield><subfield code='a'>16092357</subfield><subfield code='h'> </subfield><subfield code='j'>Available</subfield><subfield code='p'>CU25884697</subfield><subfield code='t'>1</subfield><subfield code='x'>Shared</subfield><subfield code='z'>CU</subfield><subfield code='l'>RECAP</subfield></datafield><datafield ind1=' ' ind2=' ' tag='876'><subfield code='0'>10354711</subfield><subfield code='3'>v.23</subfield><subfield code='a'>16092384</subfield><subfield code='h'> </subfield><subfield code='j'>Available</subfield><subfield code='p'>CU25884689</subfield><subfield code='t'>1</subfield><subfield code='x'>Shared</subfield><subfield code='z'>CU</subfield><subfield code='l'>RECAP</subfield></datafield><datafield ind1=' ' ind2=' ' tag='876'><subfield code='0'>10354711</subfield><subfield code='3'>v.22</subfield><subfield code='a'>16092396</subfield><subfield code='h'> </subfield><subfield code='j'>Available</subfield><subfield code='p'>CU25884670</subfield><subfield code='t'>1</subfield><subfield code='x'>Shared</subfield><subfield code='z'>CU</subfield><subfield code='l'>RECAP</subfield></datafield><datafield ind1=' ' ind2=' ' tag='876'><subfield code='0'>10354711</subfield><subfield code='3'>v.16</subfield><subfield code='a'>16092759</subfield><subfield code='h'> </subfield><subfield code='j'>Available</subfield><subfield code='p'>CU25884611</subfield><subfield code='t'>1</subfield><subfield code='x'>Shared</subfield><subfield code='z'>CU</subfield><subfield code='l'>RECAP</subfield></datafield><datafield ind1=' ' ind2=' ' tag='876'><subfield code='0'>10354711</subfield><subfield code='3'>v.17</subfield><subfield code='a'>16092769</subfield><subfield code='h'> </subfield><subfield code='j'>Available</subfield><subfield code='p'>CU25884620</subfield><subfield code='t'>1</subfield><subfield code='x'>Shared</subfield><subfield code='z'>CU</subfield><subfield code='l'>RECAP</subfield></datafield><datafield ind1=' ' ind2=' ' tag='876'><subfield code='0'>10354711</subfield><subfield code='3'>v.15</subfield><subfield code='a'>16092788</subfield><subfield code='h'> </subfield><subfield code='j'>Available</subfield><subfield code='p'>CU25884603</subfield><subfield code='t'>1</subfield><subfield code='x'>Shared</subfield><subfield code='z'>CU</subfield><subfield code='l'>RECAP</subfield></datafield><datafield ind1=' ' ind2=' ' tag='876'><subfield code='0'>10354711</subfield><subfield code='3'>v.30</subfield><subfield code='a'>16092803</subfield><subfield code='h'> </subfield><subfield code='j'>Available</subfield><subfield code='p'>CU25884778</subfield><subfield code='t'>1</subfield><subfield code='x'>Shared</subfield><subfield code='z'>CU</subfield><subfield code='l'>RECAP</subfield></datafield><datafield ind1=' ' ind2=' ' tag='876'><subfield code='0'>10354711</subfield><subfield code='3'>v.31</subfield><subfield code='a'>16092833</subfield><subfield code='h'> </subfield><subfield code='j'>Available</subfield><subfield code='p'>CU25884786</subfield><subfield code='t'>1</subfield><subfield code='x'>Shared</subfield><subfield code='z'>CU</subfield><subfield code='l'>RECAP</subfield></datafield><datafield ind1=' ' ind2=' ' tag='876'><subfield code='0'>10354711</subfield><subfield code='3'>v.28</subfield><subfield code='a'>16092873</subfield><subfield code='h'> </subfield><subfield code='j'>Available</subfield><subfield code='p'>CU25884751</subfield><subfield code='t'>1</subfield><subfield code='x'>Shared</subfield><subfield code='z'>CU</subfield><subfield code='l'>RECAP</subfield></datafield><datafield ind1=' ' ind2=' ' tag='876'><subfield code='0'>10354711</subfield><subfield code='3'>v.29</subfield><subfield code='a'>16092882</subfield><subfield code='h'> </subfield><subfield code='j'>Available</subfield><subfield code='p'>CU25884760</subfield><subfield code='t'>1</subfield><subfield code='x'>Shared</subfield><subfield code='z'>CU</subfield><subfield code='l'>RECAP</subfield></datafield><datafield ind1=' ' ind2=' ' tag='876'><subfield code='0'>10354711</subfield><subfield code='3'>v.32</subfield><subfield code='a'>16092955</subfield><subfield code='h'> </subfield><subfield code='j'>Available</subfield><subfield code='p'>CU25884794</subfield><subfield code='t'>1</subfield><subfield code='x'>Shared</subfield><subfield code='z'>CU</subfield><subfield code='l'>RECAP</subfield></datafield><datafield ind1=' ' ind2=' ' tag='876'><subfield code='0'>10354711</subfield><subfield code='3'>v.26</subfield><subfield code='a'>16093266</subfield><subfield code='h'> </subfield><subfield code='j'>Available</subfield><subfield code='p'>CU25884735</subfield><subfield code='t'>1</subfield><subfield code='x'>Shared</subfield><subfield code='z'>CU</subfield><subfield code='l'>RECAP</subfield></datafield><datafield ind1=' ' ind2=' ' tag='876'><subfield code='0'>10354711</subfield><subfield code='3'>v.27</subfield><subfield code='a'>16093281</subfield><subfield code='h'> </subfield><subfield code='j'>Available</subfield><subfield code='p'>CU25884743</subfield><subfield code='t'>1</subfield><subfield code='x'>Shared</subfield><subfield code='z'>CU</subfield><subfield code='l'>RECAP</subfield></datafield><datafield ind1=' ' ind2=' ' tag='876'><subfield code='0'>10354711</subfield><subfield code='3'>v.25</subfield><subfield code='a'>16093299</subfield><subfield code='h'> </subfield><subfield code='j'>Available</subfield><subfield code='p'>CU25884727</subfield><subfield code='t'>1</subfield><subfield code='x'>Shared</subfield><subfield code='z'>CU</subfield><subfield code='l'>RECAP</subfield></datafield><datafield ind1=' ' ind2=' ' tag='876'><subfield code='0'>10354711</subfield><subfield code='3'>v.1</subfield><subfield code='a'>16093396</subfield><subfield code='h'> </subfield><subfield code='j'>Available</subfield><subfield code='p'>CU25884468</subfield><subfield code='t'>1</subfield><subfield code='x'>Shared</subfield><subfield code='z'>CU</subfield><subfield code='l'>RECAP</subfield></datafield><datafield ind1=' ' ind2=' ' tag='876'><subfield code='0'>10354711</subfield><subfield code='3'>v.4</subfield><subfield code='a'>16093474</subfield><subfield code='h'> </subfield><subfield code='j'>Available</subfield><subfield code='p'>CU25884492</subfield><subfield code='t'>1</subfield><subfield code='x'>Shared</subfield><subfield code='z'>CU</subfield><subfield code='l'>RECAP</subfield></datafield><datafield ind1=' ' ind2=' ' tag='876'><subfield code='0'>10354711</subfield><subfield code='3'>v.2</subfield><subfield code='a'>16093502</subfield><subfield code='h'> </subfield><subfield code='j'>Available</subfield><subfield code='p'>CU25884476</subfield><subfield code='t'>1</subfield><subfield code='x'>Shared</subfield><subfield code='z'>CU</subfield><subfield code='l'>RECAP</subfield></datafield><datafield ind1=' ' ind2=' ' tag='876'><subfield code='0'>10354711</subfield><subfield code='3'>v.3</subfield><subfield code='a'>16093522</subfield><subfield code='h'> </subfield><subfield code='j'>Available</subfield><subfield code='p'>CU25884484</subfield><subfield code='t'>1</subfield><subfield code='x'>Shared</subfield><subfield code='z'>CU</subfield><subfield code='l'>RECAP</subfield></datafield><datafield ind1=' ' ind2=' ' tag='876'><subfield code='0'>10354711</subfield><subfield code='3'>v.8</subfield><subfield code='a'>16093825</subfield><subfield code='h'> </subfield><subfield code='j'>Available</subfield><subfield code='p'>CU25884530</subfield><subfield code='t'>1</subfield><subfield code='x'>Shared</subfield><subfield code='z'>CU</subfield><subfield code='l'>RECAP</subfield></datafield><datafield ind1=' ' ind2=' ' tag='876'><subfield code='0'>10354711</subfield><subfield code='3'>v.9</subfield><subfield code='a'>16093826</subfield><subfield code='h'> </subfield><subfield code='j'>Available</subfield><subfield code='p'>CU25884549</subfield><subfield code='t'>1</subfield><subfield code='x'>Shared</subfield><subfield code='z'>CU</subfield><subfield code='l'>RECAP</subfield></datafield><datafield ind1=' ' ind2=' ' tag='876'><subfield code='0'>10354711</subfield><subfield code='3'>v.6</subfield><subfield code='a'>16093838</subfield><subfield code='h'> </subfield><subfield code='j'>Available</subfield><subfield code='p'>CU25884514</subfield><subfield code='t'>1</subfield><subfield code='x'>Shared</subfield><subfield code='z'>CU</subfield><subfield code='l'>RECAP</subfield></datafield><datafield ind1=' ' ind2=' ' tag='876'><subfield code='0'>10354711</subfield><subfield code='3'>v.7</subfield><subfield code='a'>16093842</subfield><subfield code='h'> </subfield><subfield code='j'>Available</subfield><subfield code='p'>CU25884522</subfield><subfield code='t'>1</subfield><subfield code='x'>Shared</subfield><subfield code='z'>CU</subfield><subfield code='l'>RECAP</subfield></datafield><datafield ind1=' ' ind2=' ' tag='876'><subfield code='0'>10354711</subfield><subfield code='3'>v.10</subfield><subfield code='a'>16093916</subfield><subfield code='h'> </subfield><subfield code='j'>Available</subfield><subfield code='p'>CU25884557</subfield><subfield code='t'>1</subfield><subfield code='x'>Shared</subfield><subfield code='z'>CU</subfield><subfield code='l'>RECAP</subfield></datafield><datafield ind1=' ' ind2=' ' tag='876'><subfield code='0'>10354711</subfield><subfield code='3'>v.13</subfield><subfield code='a'>16093917</subfield><subfield code='h'> </subfield><subfield code='j'>Available</subfield><subfield code='p'>CU25884581</subfield><subfield code='t'>1</subfield><subfield code='x'>Shared</subfield><subfield code='z'>CU</subfield><subfield code='l'>RECAP</subfield></datafield><datafield ind1=' ' ind2=' ' tag='876'><subfield code='0'>10354711</subfield><subfield code='3'>v.11</subfield><subfield code='a'>16093921</subfield><subfield code='h'> </subfield><subfield code='j'>Available</subfield><subfield code='p'>CU25884565</subfield><subfield code='t'>1</subfield><subfield code='x'>Shared</subfield><subfield code='z'>CU</subfield><subfield code='l'>RECAP</subfield></datafield><datafield ind1=' ' ind2=' ' tag='876'><subfield code='0'>10354711</subfield><subfield code='3'>v.14</subfield><subfield code='a'>16094013</subfield><subfield code='h'> </subfield><subfield code='j'>Available</subfield><subfield code='p'>CU25884590</subfield><subfield code='t'>1</subfield><subfield code='x'>Shared</subfield><subfield code='z'>CU</subfield><subfield code='l'>RECAP</subfield></datafield><datafield ind1=' ' ind2=' ' tag='876'><subfield code='0'>10354711</subfield><subfield code='3'>v.53</subfield><subfield code='a'>16094059</subfield><subfield code='h'> </subfield><subfield code='j'>Available</subfield><subfield code='p'>CU25885006</subfield><subfield code='t'>1</subfield><subfield code='x'>Shared</subfield><subfield code='z'>CU</subfield><subfield code='l'>RECAP</subfield></datafield><datafield ind1=' ' ind2=' ' tag='876'><subfield code='0'>10354711</subfield><subfield code='3'>v.5</subfield><subfield code='a'>16094310</subfield><subfield code='h'> </subfield><subfield code='j'>Available</subfield><subfield code='p'>CU25884506</subfield><subfield code='t'>1</subfield><subfield code='x'>Shared</subfield><subfield code='z'>CU</subfield><subfield code='l'>RECAP</subfield></datafield><datafield ind1=' ' ind2=' ' tag='876'><subfield code='0'>10354711</subfield><subfield code='3'>v.20</subfield><subfield code='a'>16120763</subfield><subfield code='h'> </subfield><subfield code='j'>Available</subfield><subfield code='p'>CU25884654</subfield><subfield code='t'>1</subfield><subfield code='x'>Shared</subfield><subfield code='z'>CU</subfield><subfield code='l'>RECAP</subfield></datafield><datafield ind1=' ' ind2=' ' tag='876'><subfield code='0'>10354711</subfield><subfield code='3'>v.12</subfield><subfield code='a'>16121484</subfield><subfield code='h'> </subfield><subfield code='j'>Available</subfield><subfield code='p'>CU25884573</subfield><subfield code='t'>1</subfield><subfield code='x'>Shared</subfield><subfield code='z'>CU</subfield><subfield code='l'>RECAP</subfield></datafield></record>