
<record><leader>02170cam a2200361 i 4500</leader><controlfield tag='001'>SCSB-15464883</controlfield><controlfield tag='005'>20250621162121.7</controlfield><controlfield tag='008'>230911s2023    ko            000 0 kor d</controlfield><controlfield tag='009'>17712403</controlfield><datafield ind1=' ' ind2=' ' tag='020'><subfield code='a'>9791158512767</subfield></datafield><datafield ind1=' ' ind2=' ' tag='035'><subfield code='a'>(OCoLC)1398479064</subfield></datafield><datafield ind1=' ' ind2=' ' tag='035'><subfield code='a'>17712403</subfield></datafield><datafield ind1=' ' ind2=' ' tag='040'><subfield code='a'>BRG</subfield><subfield code='b'>eng</subfield><subfield code='e'>rda</subfield><subfield code='c'>BRG</subfield><subfield code='d'>ZCU</subfield></datafield><datafield ind1=' ' ind2=' ' tag='049'><subfield code='a'>ZCUA</subfield></datafield><datafield ind1=' ' ind2='4' tag='050'><subfield code='a'>HG4521</subfield><subfield code='b'>.M46 2023</subfield></datafield><datafield ind1='0' ind2=' ' tag='092'><subfield code='a'>332.6</subfield><subfield code='2'>23</subfield></datafield><datafield ind1='0' ind2=' ' tag='100'><subfield code='6'>880-01</subfield><subfield code='a'>Merŭ,</subfield><subfield code='e'>author.</subfield><subfield code='4'>http://id.loc.gov/vocabulary/relators/aut</subfield></datafield><datafield ind1='1' ind2='0' tag='245'><subfield code='6'>880-02</subfield><subfield code='a'>1% rŭl ingnŭn him :</subfield><subfield code='b'>sesang ŭi chŏngbo rŭl yŏn&apos;gyŏrhaesŏ kihoe rŭl p&apos;och&apos;akhanŭn saenggak hyŏksin /</subfield><subfield code='c'>Merŭ chiŭm.</subfield></datafield><datafield ind1=' ' ind2=' ' tag='250'><subfield code='6'>880-03</subfield><subfield code='a'>1-p&apos;an.</subfield></datafield><datafield ind1=' ' ind2='1' tag='264'><subfield code='6'>880-04</subfield><subfield code='a'>Sŏul-si :</subfield><subfield code='b'>Tornado (T&apos;oneido),</subfield><subfield code='c'>2023.</subfield></datafield><datafield ind1=' ' ind2=' ' tag='300'><subfield code='a'>315 pages ;</subfield><subfield code='c'>22 cm</subfield></datafield><datafield ind1=' ' ind2=' ' tag='336'><subfield code='a'>text</subfield><subfield code='b'>txt</subfield><subfield code='2'>rdacontent</subfield></datafield><datafield ind1=' ' ind2=' ' tag='337'><subfield code='a'>unmediated</subfield><subfield code='b'>n</subfield><subfield code='2'>rdamedia</subfield></datafield><datafield ind1=' ' ind2=' ' tag='338'><subfield code='a'>volume</subfield><subfield code='b'>nc</subfield><subfield code='2'>rdacarrier</subfield></datafield><datafield ind1=' ' ind2='0' tag='650'><subfield code='a'>Investments.</subfield><subfield code='0'>http://id.loc.gov/authorities/subjects/sh85067715</subfield></datafield><datafield ind1=' ' ind2='0' tag='650'><subfield code='a'>Finance, Personal.</subfield><subfield code='0'>http://id.loc.gov/authorities/subjects/sh85048263</subfield></datafield><datafield ind1='0' ind2=' ' tag='880'><subfield code='6'>100-01</subfield><subfield code='a'>메르,</subfield><subfield code='e'>author.</subfield></datafield><datafield ind1='1' ind2='0' tag='880'><subfield code='6'>245-02</subfield><subfield code='a'>1% 를 읽는 힘 :</subfield><subfield code='b'>세상 의 정보 를 연결 해서 기회 를 포착 하는 생각 혁신 /</subfield><subfield code='c'>메르 지음.</subfield></datafield><datafield ind1=' ' ind2=' ' tag='880'><subfield code='6'>250-03</subfield><subfield code='a'>1판.</subfield></datafield><datafield ind1=' ' ind2='1' tag='880'><subfield code='6'>264-04</subfield><subfield code='a'>서울시 :</subfield><subfield code='b'>Tornado (토네이도),</subfield><subfield code='c'>2023.</subfield></datafield><datafield ind1=' ' ind2=' ' tag='880'><subfield code='6'>520-00</subfield><subfield code='a'>Summary in Korean: &quot;저자 메르는 삼성그룹과 GE 등 글로벌 기업에서 위험관리 전문가로 일하면서 축적한 노하우와 금융사 4곳에서 임원으로 활동하면서 누적 30조 원 이상의 국내외 부동산 투자, NPL 펀드, 리츠 등에 대한 투융자를 최종 검토하고 승인했던 실전 경험을 바탕으로, 가장 쉽고 흥미롭게 경제 흐름을 이해하고 그 속에서 기회를 발견하는 방법을 소개한다. 투자를 하다 보면 긴 터널을 걷고 있는 듯한 느낌이 들 때가 있다. 어디로 나아가야 하는지, 더 나아가야 하는지 멈춰야 하는지 도무지 방향이 보이지 않을 때 이런 물음들이 생긴다. &apos;최고의 투자자들은 무엇을 지표로 삼을까?&apos;, &apos;시장을 보는 눈은 어떻게 키워야 할까?&apos;, &apos;매일 쏟아지는 뉴스를 어떻게 선별하고 적용해야 할까?&apos; 이 책은 이 질문들에 대한 답을 찾는 데 유용한 힌트가 될 것이다. 저자 메르는 정보의 질도 중요하지만, 그 이상으로 중요한 것이 &apos;정보를 다른 시각으로 바라보고 정리할 수 있는 능력&apos;이라고 말한다. 자신만의 관점을 가지고 있어야 투자가 쉽게 흔들리거나 불안하지 않기 때문이다. 투자만이 전부가 아니다. 세상의 흐름을 읽고 내 일상에 깨달음을 적용할 수 있다면 훨씬 더 많은 기회를 얻고 성공을 앞당길 수 있을 것이다. 요동치는 시장 속에서 선명한 투자 지표를 찾고 싶다면, 자신만의 관점을 만드는 방법을 배우고 싶다면, 경제 원리에 숨겨진 부와 투자의 비밀이 궁금하다면 이 책을 반드시 읽어보길 바란다. 자신도 모르는 사이 투자의 본질을 꿰뚫고, 세상을 더 넓고 깊게 이해할 수 있는 눈을 갖게 될 것이다.&quot; --</subfield><subfield code='c'>Yes24.com.</subfield></datafield><datafield ind1=' ' ind2=' ' tag='900'><subfield code='a'>MARS</subfield></datafield><datafield ind1='1' ind2=' ' tag='948'><subfield code='a'>20231004</subfield><subfield code='b'>c</subfield><subfield code='c'>hs2148</subfield><subfield code='d'>EAX</subfield></datafield><datafield ind1='0' ind2='0' tag='852'><subfield code='0'>16582956</subfield><subfield code='h'>HG4521</subfield><subfield code='i'>.M46 2023</subfield><subfield code='b'>scsbcul</subfield></datafield><datafield ind1=' ' ind2=' ' tag='876'><subfield code='0'>16582956</subfield><subfield code='a'>23464323</subfield><subfield code='j'>Available</subfield><subfield code='p'>CU30580501</subfield><subfield code='t'>0</subfield><subfield code='x'>Shared</subfield><subfield code='z'>CU</subfield><subfield code='l'>RECAP</subfield></datafield></record>