
<record><leader>05023cam a2200517 i 4500</leader><controlfield tag='001'>SCSB-15087599</controlfield><controlfield tag='003'>NNC</controlfield><controlfield tag='005'>20250605002046.0</controlfield><controlfield tag='008'>250206t20242024ko            000 1 kor|d</controlfield><controlfield tag='009'>19214818</controlfield><datafield ind1=' ' ind2=' ' tag='020'><subfield code='a'>9791141601225</subfield><subfield code='q'>paperback</subfield></datafield><datafield ind1='0' ind2=' ' tag='029'><subfield code='a'>AU@</subfield><subfield code='b'>000079531902</subfield></datafield><datafield ind1=' ' ind2=' ' tag='035'><subfield code='a'>(OCoLC)on1510655516</subfield></datafield><datafield ind1=' ' ind2=' ' tag='035'><subfield code='a'>(OCoLC)1510655516</subfield></datafield><datafield ind1=' ' ind2=' ' tag='035'><subfield code='a'>19214818</subfield></datafield><datafield ind1=' ' ind2=' ' tag='040'><subfield code='a'>AU@</subfield><subfield code='b'>eng</subfield><subfield code='e'>rda</subfield><subfield code='c'>AU@</subfield><subfield code='d'>OCLCO</subfield><subfield code='d'>ZCU</subfield></datafield><datafield ind1=' ' ind2=' ' tag='049'><subfield code='a'>ZCUA</subfield></datafield><datafield ind1=' ' ind2='4' tag='050'><subfield code='a'>PL994.115.Y84</subfield><subfield code='b'>M67 2024</subfield></datafield><datafield ind1='0' ind2='4' tag='082'><subfield code='a'>895.735</subfield><subfield code='2'>23</subfield></datafield><datafield ind1='1' ind2=' ' tag='100'><subfield code='6'>880-01</subfield><subfield code='a'>An, Yun,</subfield><subfield code='e'>author.</subfield><subfield code='4'>http://id.loc.gov/vocabulary/relators/aut</subfield><subfield code='0'>http://id.loc.gov/authorities/names/n2023018537</subfield></datafield><datafield ind1='1' ind2='0' tag='242'><subfield code='a'>Unknown.</subfield><subfield code='y'>eng</subfield></datafield><datafield ind1='1' ind2='0' tag='245'><subfield code='6'>880-02</subfield><subfield code='a'>Morin :</subfield><subfield code='b'>An Yun sosŏl.</subfield></datafield><datafield ind1=' ' ind2=' ' tag='250'><subfield code='6'>880-03</subfield><subfield code='a'>Ch&apos;op&apos;an.</subfield></datafield><datafield ind1=' ' ind2='1' tag='264'><subfield code='6'>880-04</subfield><subfield code='a'>Kyŏnggi-do P&apos;aju-si :</subfield><subfield code='b'>Munhak Tongne,</subfield><subfield code='c'>2024.</subfield></datafield><datafield ind1=' ' ind2='4' tag='264'><subfield code='c'>©2024</subfield></datafield><datafield ind1=' ' ind2=' ' tag='300'><subfield code='a'>278 pages ;</subfield><subfield code='c'>20 cm.</subfield></datafield><datafield ind1=' ' ind2=' ' tag='336'><subfield code='a'>text</subfield><subfield code='b'>txt</subfield><subfield code='2'>rdacontent</subfield></datafield><datafield ind1=' ' ind2=' ' tag='337'><subfield code='a'>unmediated</subfield><subfield code='b'>n</subfield><subfield code='2'>rdamedia</subfield></datafield><datafield ind1=' ' ind2=' ' tag='338'><subfield code='a'>volume</subfield><subfield code='b'>nc</subfield><subfield code='2'>rdacarrier</subfield></datafield><datafield ind1='1' ind2=' ' tag='490'><subfield code='a'>Munhak Tongne sosŏlchip</subfield></datafield><datafield ind1='8' ind2=' ' tag='505'><subfield code='6'>880-05</subfield><subfield code='a'>Morin -- P&apos;inhol = Pinhole -- Tamdam -- Chagŭn nundŏngi hana -- Tto, -- Haji -- T&apos;ŭm.</subfield></datafield><datafield ind1=' ' ind2=' ' tag='546'><subfield code='a'>In Korean.</subfield></datafield><datafield ind1=' ' ind2='0' tag='650'><subfield code='a'>Separation (Psychology)</subfield><subfield code='v'>Fiction.</subfield><subfield code='0'>http://id.loc.gov/authorities/subjects/sh2008111481</subfield></datafield><datafield ind1=' ' ind2='6' tag='650'><subfield code='a'>Séparation (Psychologie)</subfield><subfield code='0'>(CaQQLa)201-0065063</subfield><subfield code='v'>Romans, nouvelles, etc.</subfield><subfield code='0'>(CaQQLa)201-0377299</subfield></datafield><datafield ind1=' ' ind2='7' tag='655'><subfield code='a'>Short stories.</subfield><subfield code='2'>aat</subfield><subfield code='0'>(CStmoGRI)aatgf300202607</subfield><subfield code='0'>http://vocab.getty.edu/aat/300202607</subfield></datafield><datafield ind1=' ' ind2='7' tag='655'><subfield code='a'>Short stories.</subfield><subfield code='2'>lcgft</subfield><subfield code='0'>http://id.loc.gov/authorities/genreForms/gf2014026542</subfield></datafield><datafield ind1=' ' ind2='7' tag='655'><subfield code='a'>Nouvelles.</subfield><subfield code='2'>rvmgf</subfield><subfield code='0'>(CaQQLa)RVMGF-000000322</subfield></datafield><datafield ind1=' ' ind2='0' tag='830'><subfield code='a'>Munhak Tongne sosŏlchip.</subfield><subfield code='0'>http://id.loc.gov/authorities/names/nr2003041082</subfield></datafield><datafield ind1='1' ind2=' ' tag='880'><subfield code='6'>100-01</subfield><subfield code='a'>안 윤,</subfield><subfield code='e'>author.</subfield></datafield><datafield ind1='1' ind2='0' tag='880'><subfield code='6'>245-02</subfield><subfield code='a'>모린 :</subfield><subfield code='b'>안 윤 소설.</subfield></datafield><datafield ind1=' ' ind2=' ' tag='880'><subfield code='6'>250-03</subfield><subfield code='a'>초판.</subfield></datafield><datafield ind1=' ' ind2='1' tag='880'><subfield code='6'>264-04</subfield><subfield code='a'>경기도 파주시 :</subfield><subfield code='b'>문학 동네,</subfield><subfield code='c'>2024.</subfield></datafield><datafield ind1='8' ind2=' ' tag='880'><subfield code='6'>505-05</subfield><subfield code='a'>모린 -- 핀홀 = Pinhole -- 담담 -- 작은 눈덩이 하나 -- 또, -- 하지 -- 틈</subfield></datafield><datafield ind1=' ' ind2=' ' tag='880'><subfield code='6'>520-00</subfield><subfield code='a'>&quot;책을 펼치면 가장 먼저 마주하게 되는 표제작 「모린」의 첫 문장이다. &apos;모린&apos;은 이 소설에 나오는 가상의 책 『보이지 않는 것들Invisible Things』에 등장하는 인물이다. 이 책에서 모린의 이름은 &quot;딱 한 번 등장&quot;하며 &quot;나이나 인종, 성별 등은 언급조차 되지 않는다&quot;(9쪽). 누구든 될 수 있는 미지의 이름인 것이다. 「모린」의 주인공 &apos;영은&apos;은 잠시 떨어져 있는 시간을 갖기로 한 애인 &apos;미란&apos;을 떠올리며, 그를 모린이라고 부르면 어떨까 생각한다... 핀홀Pinhole」에서 바느질 공방을 운영하는 &apos;보라&apos;는 결혼을 앞둔 애인 &apos;승원&apos;에게 중증장애인 거주 시설에서 의문사를 당한 형이 있다는 비밀을 알게 된다. 그리고 기자이자 다큐멘터리 감독인 &apos;경진&apos;과 함께 승원의 형 &apos;정원&apos;이 감내해야 했던 삶을 반추한다... 「담담」은 11년이라는 긴 연애 끝에 헤어짐을 택한 &apos;혜재&apos;와 안타까운 사고로 아내와 딸을 잃은 &apos;은석&apos;이 서로에게 스며드는 과정을 그린다. 혜재는 오랜 연인이었던 &apos;수윤&apos;을 끝내 &quot;온전히 이해하지 못했&quot;다는 사실을 받아들이며, &quot;이해할 수 없는 사람을 사랑한다고, 사랑했다고 할 수 있을&quot;(96쪽)지 궁금해한다... 「작은 눈덩이 하나」에서 삼십대 후반에 이른 &apos;의선&apos;은 못나고 볼품없던 이십대 초반, 서로를 있는 그대로 바라봐주었던 단 한 사람 &apos;준수&apos;를 회상한다. 의선은 오랜 시간이 흐른 후 준수가 운영하는 카페를 찾아가 문 앞에 작은 눈덩이 하나를 놓고 온다. &quot;설령 흔적조차 남지 않&quot;(153쪽)고 녹아버릴지언정 분명히 존재했던 진심이 여전히 그곳에 있다.</subfield></datafield><datafield ind1=' ' ind2=' ' tag='880'><subfield code='6'>520-00</subfield><subfield code='a'>한편, 「또,」의 &apos;수진&apos;은 어느 날부턴가 머리카락이 &apos;또&apos; 하는 소리를 내며 끊어지는 증상에 시달린다. 그리고 부사수였던 &apos;민주&apos;가 사직서를 내기 위해 회사에 방문한 날, 그에게서 비슷한 소리를 듣는다... 「하지夏至」는 서울에서 제과점을 운영하던 &apos;수림&apos;이 폐업 후 고향으로 돌아가기 전 오랜 친구 &apos;지언&apos;과 노을공원으로 이별 캠핑을 떠나는 이야기다. &quot;일일이 설명하지 않아도 어느 정도 짐작&quot;(187쪽)만으로 이어지는 두 사람의 대화는 상대방에 대한 존중에서 비롯한 애정어린 거리감으로 성립된다... 마지막 수록작인 「틈」은 &apos;너&apos;와 &apos;나&apos; 사이의 틈을 메우는 길고 긴 이별의 방식을 보여준다. 소설은 이혼 후 연락이 끊긴 친구 &apos;사희&apos;를 찾아간 &apos;인애&apos;의 과거와 현재 그리고 미래를 오가며 진행된다. 사희는 상실의 시간을 겪는 동안, 흠집이 난 그릇을 수선하는 도예 기법인 킨츠기를 배우고 가르친다.&quot;--Kyobobook.co.kr.</subfield></datafield><datafield ind1='0' ind2='0' tag='852'><subfield code='h'>PL994.115.Y84 M67 2024</subfield><subfield code='0'>16172058</subfield><subfield code='b'>scsbcul</subfield></datafield><datafield ind1=' ' ind2=' ' tag='876'><subfield code='0'>16172058</subfield><subfield code='a'>22880043</subfield><subfield code='h'> </subfield><subfield code='j'>Available</subfield><subfield code='p'>CU29338867</subfield><subfield code='t'>1</subfield><subfield code='x'>Shared</subfield><subfield code='z'>CU</subfield><subfield code='l'>RECAP</subfield></datafield></record>