
<record><leader>02803cam a2200565 i 4500</leader><controlfield tag='001'>SCSB-15265894</controlfield><controlfield tag='005'>20251230154301.0</controlfield><controlfield tag='008'>220328s2022    ko a          000 0 kor d</controlfield><controlfield tag='009'>16043056</controlfield><datafield ind1=' ' ind2=' ' tag='020'><subfield code='a'>9791168320093</subfield></datafield><datafield ind1=' ' ind2=' ' tag='035'><subfield code='a'>(OCoLC)1306069188</subfield></datafield><datafield ind1=' ' ind2=' ' tag='040'><subfield code='a'>BRG</subfield><subfield code='b'>eng</subfield><subfield code='e'>rda</subfield><subfield code='c'>BRG</subfield><subfield code='d'>OCLCO</subfield><subfield code='d'>OCLCF</subfield><subfield code='d'>OCLCO</subfield><subfield code='d'>OCLCQ</subfield><subfield code='d'>OCLCL</subfield><subfield code='d'>ZCU</subfield></datafield><datafield ind1=' ' ind2='4' tag='050'><subfield code='a'>TK5105.8864</subfield><subfield code='b'>.K45 2022</subfield></datafield><datafield ind1='1' ind2=' ' tag='100'><subfield code='6'>880-01</subfield><subfield code='a'>Kim, Sang-gyun,</subfield><subfield code='d'>1973-</subfield><subfield code='e'>author.</subfield><subfield code='1'>https://id.oclc.org/worldcat/entity/E39PCjtwY6rDkM7GCCqyRmPtgC</subfield></datafield><datafield ind1='1' ind2='0' tag='245'><subfield code='6'>880-02</subfield><subfield code='a'>Met&apos;abŏsŭ =</subfield><subfield code='b'>Metaverse.</subfield><subfield code='n'>II : 10-yŏn hu mirae rŭl mŏnjŏ poda /</subfield><subfield code='c'>Kim Sang-gyun chiŭm.</subfield></datafield><datafield ind1='3' ind2='1' tag='246'><subfield code='a'>Metaverse</subfield></datafield><datafield ind1=' ' ind2=' ' tag='250'><subfield code='6'>880-03</subfield><subfield code='a'>Ch&apos;op&apos;an.</subfield></datafield><datafield ind1=' ' ind2='1' tag='264'><subfield code='6'>880-04</subfield><subfield code='a'>Kyŏnggi-do Hwasŏng-si :</subfield><subfield code='b'>P&apos;ŭllaen Pi Tijain,</subfield><subfield code='c'>2022.</subfield></datafield><datafield ind1=' ' ind2=' ' tag='300'><subfield code='a'>348 pages :</subfield><subfield code='b'>color illustrations ;</subfield><subfield code='c'>23 cm</subfield></datafield><datafield ind1=' ' ind2=' ' tag='336'><subfield code='a'>text</subfield><subfield code='b'>txt</subfield><subfield code='2'>rdacontent</subfield></datafield><datafield ind1=' ' ind2=' ' tag='337'><subfield code='a'>unmediated</subfield><subfield code='b'>n</subfield><subfield code='2'>rdamedia</subfield></datafield><datafield ind1=' ' ind2=' ' tag='338'><subfield code='a'>volume</subfield><subfield code='b'>nc</subfield><subfield code='2'>rdacarrier</subfield></datafield><datafield ind1=' ' ind2='0' tag='650'><subfield code='a'>Augmented reality.</subfield></datafield><datafield ind1=' ' ind2='0' tag='650'><subfield code='a'>Virtual reality.</subfield></datafield><datafield ind1=' ' ind2='0' tag='650'><subfield code='a'>Economic development</subfield><subfield code='x'>Technological innovations.</subfield></datafield><datafield ind1=' ' ind2='0' tag='650'><subfield code='a'>Information technology</subfield><subfield code='x'>Economic aspects.</subfield></datafield><datafield ind1=' ' ind2='0' tag='650'><subfield code='a'>Business forecasting.</subfield></datafield><datafield ind1=' ' ind2='2' tag='650'><subfield code='a'>Virtual Reality</subfield></datafield><datafield ind1=' ' ind2='4' tag='650'><subfield code='a'>Korean language materials.</subfield></datafield><datafield ind1=' ' ind2='6' tag='650'><subfield code='a'>Réalité augmentée.</subfield></datafield><datafield ind1=' ' ind2='6' tag='650'><subfield code='a'>Réalité virtuelle.</subfield></datafield><datafield ind1=' ' ind2='6' tag='650'><subfield code='a'>Développement économique</subfield><subfield code='x'>Innovations.</subfield></datafield><datafield ind1=' ' ind2='6' tag='650'><subfield code='a'>Technologie de l&apos;information</subfield><subfield code='x'>Aspect économique.</subfield></datafield><datafield ind1=' ' ind2='6' tag='650'><subfield code='a'>Prévision commerciale.</subfield></datafield><datafield ind1=' ' ind2='7' tag='650'><subfield code='a'>augmented reality.</subfield><subfield code='2'>aat</subfield></datafield><datafield ind1=' ' ind2='7' tag='650'><subfield code='a'>virtual reality.</subfield><subfield code='2'>aat</subfield></datafield><datafield ind1=' ' ind2='7' tag='650'><subfield code='a'>Augmented reality</subfield><subfield code='2'>fast</subfield></datafield><datafield ind1=' ' ind2='7' tag='650'><subfield code='a'>Business forecasting</subfield><subfield code='2'>fast</subfield></datafield><datafield ind1=' ' ind2='7' tag='650'><subfield code='a'>Economic development</subfield><subfield code='x'>Technological innovations</subfield><subfield code='2'>fast</subfield></datafield><datafield ind1=' ' ind2='7' tag='650'><subfield code='a'>Information technology</subfield><subfield code='x'>Economic aspects</subfield><subfield code='2'>fast</subfield></datafield><datafield ind1=' ' ind2='7' tag='650'><subfield code='a'>Virtual reality</subfield><subfield code='2'>fast</subfield></datafield><datafield ind1='1' ind2=' ' tag='880'><subfield code='6'>100-01</subfield><subfield code='a'>김 상균,</subfield><subfield code='d'>1973-</subfield><subfield code='e'>author.</subfield></datafield><datafield ind1='1' ind2='0' tag='880'><subfield code='6'>245-02</subfield><subfield code='a'>메타버스 =</subfield><subfield code='b'>Metaverse.</subfield><subfield code='n'>II : 10년 후 미래를 먼저 보다 /</subfield><subfield code='c'>김상균 지음.</subfield></datafield><datafield ind1=' ' ind2=' ' tag='880'><subfield code='6'>250-03</subfield><subfield code='a'>초판.</subfield></datafield><datafield ind1=' ' ind2='1' tag='880'><subfield code='6'>264-04</subfield><subfield code='a'>경기도 화성시 :</subfield><subfield code='b'>플랜 비 디자인,</subfield><subfield code='c'>2022.</subfield></datafield><datafield ind1=' ' ind2=' ' tag='880'><subfield code='6'>520-00</subfield><subfield code='a'>&quot;국내 최초로 메타버스를 다룬 『메타버스』를 읽은 누적 독자가 100만 명에 달한다. 『메타버스』를 읽은 수많은 기업들과 독자들은 메타버스에 대한 기대와 두려움을 담아 저자에게 질문을 던졌다. 메타버스가 조직을 어떻게 변화시킬 것인지, 조직은 당장 무엇을 준비해야 하는지, 메타버스는 우리 삶을 어떻게 변화시킬지 등. 『메타버스Ⅱ』는 그들의 질문에 대한 저자의 답변이자, 디지털 전환기에서 무엇을 준비해야 할지 몰라 우왕좌왕 헤매고 있는 이들을 위한 가이드북이다. 10년 후 디지털 지구에는 무엇이 남고 무엇이 사라지게 될까? 단언컨대, 10년 후에는 모든 것이 변한다. 우리를 둘러싼 공간·조직·인간관계는 물론이고 유통·방송·게임·금융·의료 등 산업 분야의 비즈니스 환경 등 모든 것이 변한다. 저자는 기술 발전의 역사와 과학적 이론, 빅테크 기업들의 움직임 등을 통해 10년 후 세상이 큰 틀에서 어떻게 바뀌어 있을지에 대해 그림을 그리듯 생생하게 알려준다. 이 책을 읽고 나면 우리 삶과 산업 전반을 관통하는 메타버스 세상에 대해 두려움보다는 기대를 안고 참여하게 될 것이다. 아울러 자신과 조직의 미래에 대해 거시적이고 다각적인 전략을 세울 수 있게 될 것이다.&quot; --</subfield><subfield code='c'>Yes24.com.</subfield></datafield><datafield ind1=' ' ind2=' ' tag='948'><subfield code='h'>HELD BY ZCU - 1 OTHER HOLDINGS</subfield></datafield><datafield ind1=' ' ind2=' ' tag='980'><subfield code='e'>35000</subfield></datafield><datafield ind1=' ' ind2=' ' tag='994'><subfield code='a'>Z0</subfield><subfield code='b'>ZCU</subfield></datafield><datafield ind1=' ' ind2=' ' tag='948'><subfield code='a'>20251230</subfield><subfield code='b'>STATCPY</subfield><subfield code='c'>hs2148</subfield><subfield code='d'>MPB</subfield></datafield><datafield ind1='0' ind2='0' tag='852'><subfield code='0'>16366841</subfield><subfield code='h'>TK5105.8864</subfield><subfield code='i'>.K45 2022</subfield><subfield code='b'>scsbcul</subfield></datafield><datafield ind1=' ' ind2=' ' tag='876'><subfield code='0'>16366841</subfield><subfield code='a'>23125620</subfield><subfield code='j'>Available</subfield><subfield code='p'>CU29346100</subfield><subfield code='t'>0</subfield><subfield code='x'>Shared</subfield><subfield code='z'>CU</subfield><subfield code='l'>RECAP</subfield></datafield></record>