
<record><leader>16801cam a2200601 i 4500</leader><controlfield tag='001'>SCSB-15080839</controlfield><controlfield tag='003'>NNC</controlfield><controlfield tag='005'>20250604222433.0</controlfield><controlfield tag='008'>220127s2020    ko a   g      000 0 kor d</controlfield><controlfield tag='009'>15886605</controlfield><datafield ind1=' ' ind2=' ' tag='020'><subfield code='a'>9791130310848</subfield></datafield><datafield ind1=' ' ind2=' ' tag='035'><subfield code='a'>(OCoLC)on1365390929</subfield></datafield><datafield ind1=' ' ind2=' ' tag='035'><subfield code='a'>(OCoLC)1365390929</subfield></datafield><datafield ind1=' ' ind2=' ' tag='035'><subfield code='a'>15886605</subfield></datafield><datafield ind1=' ' ind2=' ' tag='040'><subfield code='a'>COD</subfield><subfield code='b'>eng</subfield><subfield code='e'>rda</subfield><subfield code='c'>COD</subfield><subfield code='d'>OCLCF</subfield><subfield code='d'>OCLCO</subfield><subfield code='d'>ZCU</subfield></datafield><datafield ind1=' ' ind2=' ' tag='049'><subfield code='a'>ZCUA</subfield></datafield><datafield ind1=' ' ind2=' ' tag='090'><subfield code='a'>PN1993.5.A1</subfield><subfield code='b'>S5627 2020</subfield></datafield><datafield ind1='1' ind2=' ' tag='100'><subfield code='6'>880-01</subfield><subfield code='a'>Sŏ, T&apos;ae-ho,</subfield><subfield code='e'>author.</subfield><subfield code='4'>http://id.loc.gov/vocabulary/relators/aut</subfield></datafield><datafield ind1='1' ind2='0' tag='245'><subfield code='6'>880-02</subfield><subfield code='a'>Chayu wa haengbok ŭl ch&apos;ada yŏngwa yŏhaeng ŭl ttŏnaja! /</subfield><subfield code='c'>Sŏ T&apos;ae-ho chiŭm.</subfield></datafield><datafield ind1=' ' ind2=' ' tag='250'><subfield code='6'>880-03</subfield><subfield code='a'>Ch&apos;op&apos;an.</subfield></datafield><datafield ind1=' ' ind2='1' tag='264'><subfield code='6'>880-04</subfield><subfield code='a'>Sŏul :</subfield><subfield code='b'>Pagyŏngsa,</subfield><subfield code='c'>2020.</subfield></datafield><datafield ind1=' ' ind2=' ' tag='300'><subfield code='a'>439 pages :</subfield><subfield code='b'>color illustrations ;</subfield><subfield code='c'>23 cm.</subfield></datafield><datafield ind1=' ' ind2=' ' tag='336'><subfield code='a'>text</subfield><subfield code='b'>txt</subfield><subfield code='2'>rdacontent</subfield></datafield><datafield ind1=' ' ind2=' ' tag='337'><subfield code='a'>unmediated</subfield><subfield code='b'>n</subfield><subfield code='2'>rdamedia</subfield></datafield><datafield ind1=' ' ind2=' ' tag='338'><subfield code='a'>volume</subfield><subfield code='b'>nc</subfield><subfield code='2'>rdacarrier</subfield></datafield><datafield ind1='1' ind2=' ' tag='490'><subfield code='6'>880-05</subfield><subfield code='a'>Sŏ T&apos;ae-ho ŭi yŏngwa ro ponŭn sam ;</subfield><subfield code='v'>[1]</subfield></datafield><datafield ind1='0' ind2='0' tag='505'><subfield code='6'>880-06</subfield><subfield code='g'>Che 1 pu.</subfield><subfield code='t'>Sot&apos;ong kwa konggam --</subfield><subfield code='t'>Chugŭn siin ŭi sahoe : Sesang e taehan saeroun nunŭl kakko siptamyŏn chigŭm tangjang ch&apos;aeksang wiro ollagara! --</subfield><subfield code='t'>Kut wil hŏnch&apos;ing : Huhoe ŏpnŭn salmŭl wŏnhandamyŏn chasinmanŭi ŭiji(Will)no ch&apos;ada nasŏra! --</subfield><subfield code='t'>K&apos;asabŭllangk&apos;a : Miraerŭl palkhigi wihae sunggohan kyŏlsimŭl hanŭn, tangsinŭi nundongjae kŏnbae! --</subfield><subfield code='t'>Yŏin ŭi hyanggi : Silsuro ŏngk&apos;inŭn sŭt&apos;ebi t&apos;aenggorŭl mandŭltŭt insaengdo silp&apos;aerŭl t&apos;ongae wansŏngdoenda! --</subfield><subfield code='t'>Nŭktaewa ch&apos;umŭl : Tangsinŭl ttŏollige hanŭn tto tarŭn irŭmŭn? --</subfield><subfield code='t'>K&apos;ŭrimsŭn t&apos;aidŭ : Wigisangwangesŏ tangsinŭn ŏttŏn pangsigŭro sot&apos;ongal kŏdin&apos;ga? --</subfield><subfield code='t'>Kŭraebich&apos;i : Salmŭn chungnyŏk(gravity)ŭl kyŏnjimyŏ kanŭn ttŭthaji anhŭn yŏjŏng(unexpected journey)ida! --</subfield><subfield code='t'>Enŏmi obŭ sŭt&apos;eit&apos;ŭ : Tangsinŭi sasaengwarŭl yŏpponŭn chŏk(Enemy)ŭl kyŏnggyehara! --</subfield><subfield code='t'>Hoksŏngt&apos;alch&apos;ul: chinhwaŭi sijak : Kaltŭngt&apos;alch&apos;urŭn chinjŏngan sot&apos;ongmani chinhwa(evolution)ŭi kil! --</subfield><subfield code='t'>T&apos;oyoil pamŭi yŏlgi : Ch&apos;ŏngch&apos;unŭn pult&apos;anŭn t&apos;oyoirŭi yŏlgi(Night Fever)! --</subfield></datafield><datafield ind1='0' ind2='0' tag='505'><subfield code='6'>880-07</subfield><subfield code='g'>Che 2 pu.</subfield><subfield code='t'>Ridŏsip --</subfield><subfield code='t'>Misŏn imp&apos;asŏbŭl sirijŭ : Nanŭn kwayŏn ŏttŏn saramŭro kiŏktoego inna? --</subfield><subfield code='t'>Chon k&apos;at&apos;ŏ: pasumjŏnjaeng ŭi sŏmak : Chinjŏngan idŏro kŏdŭmnanŭn 4kaji insait&apos;ŭ! --</subfield><subfield code='t'>Raion k&apos;ing : Tangsin ane chamjanŭn yasŏngŭi sŏnggong DNANŬL ch&apos;adara! --</subfield><subfield code='t'>Panjiŭi chewang sirijŭ : Tangsinmanŭi &apos;unmyŏngŭi panji&apos;nŭl unbanhaenagara! --</subfield><subfield code='t'>Kŭraen t&apos;orino : Hwangyaŭi mubŏpchaesŏ hŏnsinhanŭn siniŏro toraon isŭt&apos;ŭudŭ! --</subfield><subfield code='t'>Sŭt&apos;awŏjŭ sirijŭ : Mŏtchin insaengŭl salgo sipŭn kŭdaeege p&apos;osŭ(force)ka hamkkehagirŭl! --</subfield><subfield code='t'>Hai nun : Hondonŭi chŏngo(High Noon), chŏngŭiroun poan&apos;gwanŭl kidarinda!--</subfield><subfield code='t'>007 sirijŭ/mulleik&apos;ŏ : Wigiilbarŭi salmŭl hech&apos;ŏganŭn tangsinŭn pulsajo &apos;cheimsŭ pondŭ! --</subfield><subfield code='t'>K&apos;ŏriji ŏndŏ p&apos;aiŏ : Chinjŏngan yongginŭn wigi soge p&apos;iŏnanda! --</subfield><subfield code='t'>Rimembŏ t&apos;ait&apos;an : Mŏnjŏ hwahaeŭi aksurŭl naemindamyŏn, ŏnjen&apos;ga k&apos;ŭn himŭl chunŭn ch&apos;in&apos;guro toraonda! --</subfield><subfield code='t'>Yubŭ kat meil : Chigŭmŭi k&apos;ŭn yŏkkyŏngdo mŏn hunnal &apos;yet ch&apos;uŏk&apos;i toenda! --</subfield><subfield code='t'>Pŭreibŭ hat&apos;ŭ : Sinnyŏm innŭn salmŭn yonggamhan simjang (Brave heart) esŏ sijaktoenda! --</subfield><subfield code='t'>Ŏ p&apos;yu kut maen : Tangsinŭi t&apos;ŭkpyŏrhamŭn(A Few Good Men) tarŭn saramŭi chonjungesŏ sijaktoenda! --</subfield><subfield code='t'>Penhŏ --</subfield><subfield code='t'>K&apos;ŭn kot&apos;ongŭi unmyŏng(Ben-hur) soge widaehan salmŭi kyŏngjuga itta --</subfield><subfield code='t'>Ch&apos;oejongbyŏnggi hwal : Wigirŭl kŭkpokhal tangsinmanŭi ch&apos;oejongbyŏngginŭn? --</subfield><subfield code='t'>Naiŏn ilbyŏng kuhagi : Insaengŭl kapjige(earn this) sanŭn kŏdi sesangŭl kuhanŭn kirida! --</subfield><subfield code='t'>Wip&apos;ŭllaesshwi : Tangsinŭi kkumŭl ch&apos;aetchikchil(Whiplash)hanŭn kŏdŭn muŏdin&apos;ga? --</subfield><subfield code='t'>P&apos;yuri : Kŭkhanŭi chŏnt&apos;uesŏ tangsinŭi t&apos;aengk&apos;ŭ(Fury)nŭl sasuhara! --</subfield></datafield><datafield ind1='0' ind2='0' tag='505'><subfield code='6'>880-08</subfield><subfield code='g'>Che 3 pu.</subfield><subfield code='t'>Ch&apos;angŭiwa sangsang --</subfield><subfield code='t'>Paet&apos;ŭmaen sirijŭ : Uriga sup&apos;ŏmaenboda paet&apos;ŭmaenŭl tŏ chohahanŭn iyu? --</subfield><subfield code='t'>Int&apos;ŏsŭt&apos;ella : Yurek&apos;a! munjeŭi tabŭn sigongganŭl ch&apos;owŏrhan sarangesŏ ch&apos;adara --</subfield><subfield code='t'>Iutchip t&apos;ot&apos;oro : Ŏril chŏk tongsimŭro toragasŏ ithin kkumgwa sarangŭl mannaboja! --</subfield><subfield code='t'>T&apos;ŏmineit&apos;ŏ : Chŏnjaengŭn hangsang uri sam kakkaie itta --</subfield><subfield code='t'>Ppaek t&apos;u tŏ p&apos;yuch&apos;ŏ : Chigŭm silch&apos;ŏnhanŭn chagŭn yonggiga mŏtchin miraerŭl mandŭnda! --</subfield><subfield code='t'>Maen in pŭllaek sirijŭ : Sot&apos;ongdoeji anhŭmyŏn tangsinŭn oegyein! --</subfield><subfield code='t'>Mainŏrich&apos;i rip&apos;ot&apos;ŭ : Tangsinŭi unmyŏngŭn chasinŭi ŭiji (Minority Report) no sŏnt&apos;aekhal su itta(You can choose)! --</subfield><subfield code='t'>Imit&apos;eisŏn keim : Insaengŭn p&apos;ŏjŭrŭl p&apos;urŏganŭn iŏl keim(real game)ida! --</subfield><subfield code='t'>Churagi kongwŏn : Churagi kongwŏn&apos;esŏ tangsinŭi kongnyongŭl sohwanhal su isŭlkka? --</subfield><subfield code='t'>Pomulsŏm : Kasŭm ttwinŭn chasinmanŭi pomulsŏmŭro ch&apos;ulbarhaja! --</subfield><subfield code='t'>Injiana chonsŭ sirijŭ : ohŏmŭi segyero ikkŭnŭn mabŏbŭi ch&apos;aetchik! --</subfield><subfield code='t'>Sŭt&apos;aenbai wenji : Pidwaennayo?(Stand by), kŭrŏm chŏnjin (forward) haseyo! --</subfield></datafield><datafield ind1='0' ind2='0' tag='505'><subfield code='6'>880-09</subfield><subfield code='g'>Che 4 pu [pt. 1].</subfield><subfield code='t'>Chinjŏngan haengbok</subfield><subfield code='t'>Sŭch&apos;il aellisŭ : Chigŭm naega nail su innŭn majimak siganiramyŏn muŏdŭl hal kŏdin&apos;ga? --</subfield><subfield code='t'>Arŭmdaun sesangŭl wihayŏ : Chigŭm nae kyŏde innŭn sarami kajang sojungan saramida! --</subfield><subfield code='t'>K&apos;ok&apos;o : Nugun&apos;ga tangsinŭl kiŏkhanŭn han(remember), tangsinŭi salmŭn yŏngwŏnhada! --</subfield><subfield code='t'>K&apos;aesŭt&apos;ŭ ŏwei : Hago sipŭn kŏdi ittamyŏn chigŭm tangjang sirhaengara! --</subfield><subfield code='t'>P&apos;aemilli maen : Salmŭi pangsigŭl kyŏlsimhagi chŏn &apos;yŏppogi(glance)&apos;ka p&apos;iryohada! --</subfield><subfield code='t'>Kurŭm sogŭi sanch&apos;aek : T&apos;abŏrin p&apos;odobadesŏdo saessagi nadŭt chŏlmangŭi insaenggiredo hŭimangŭi kkodŭn p&apos;inda! --</subfield><subfield code='t'>Tebŭlsŭ edŭbŏk&apos;it : Angmanŭn t&apos;arakhan chŏnmun&apos;gaŭi t&apos;arŭl ssŭgo nat&apos;ananda! --</subfield><subfield code='t'>Cheri maekkwaiŏ : Tangsinŭl ch&apos;aewŏjunŭn(You complete me) chinjŏng sojungan kŏdŭn muŏdin&apos;ga? --</subfield><subfield code='t'>Tomangja : Hyŏnsiresŏ tomanggal sunŭn(Fugitive) itchiman, toraoginŭn tŏ ŏryŏpta! --</subfield><subfield code='t'>Saranggwa yŏngon : Salmenŭn enjingi ikkie ilsangŭn tŏuk sojungada! --</subfield></datafield><datafield ind1='0' ind2='0' tag='505'><subfield code='6'>880-10</subfield><subfield code='g'>Che 4 pu. [pt. 2].</subfield><subfield code='t'>Iboda tŏ chohŭl sun ŏpta : Tangsinŭl tŏ chohŭn saram(better man)ŭro kŏdŭmnage mandŭnŭn saramŭn? --</subfield><subfield code='t'>T&apos;ip&apos;aniesŏ ach&apos;imŭl : T&apos;ip&apos;ani(Tiffany)ŭi pantchaginŭn yongmang sok, tangsinŭi posŏgŭl ch&apos;adara! --</subfield><subfield code='t'>T&apos;ait&apos;anik : Insaengŭi haengun(best thing)ŭn tangsinŭl midŏjunŭn(trust) saramŭl mannan kŏt! --</subfield><subfield code='t'>Mai wei : Tangsini sŏnt&apos;aekhan salmŭi kil (My way)iramyŏn huhoenŭn ŏpta! --</subfield><subfield code='t'>Kukchesijang : Ŭngdaphara hŭngnam pudu, yŏginŭn kukchesijang! --</subfield><subfield code='t'>Pik hiŏro : Ttattŭthage anajunŭn tangsini i sidaeŭi chinjŏngan pik hiŏro(Big Hero)! --</subfield><subfield code='t'>Chorŏp : Insaengŭn kobimada t&apos;onggwahal chorŏp(Graduate)ŭi sun&apos;gandŭri itta! --</subfield><subfield code='t'>K&apos;ŭrisŭmasŭ k&apos;aerŏl : K&apos;ŭrisŭmasŭ k&apos;aerŏri ullyŏ p&apos;ŏjimyŏn 3myŏngŭi yuryŏngi nat&apos;ananda! --</subfield><subfield code='t'>Meri p&apos;op&apos;insŭ --</subfield><subfield code='t'>Haengbogŭi nararo kanŭn tangsinmanŭi chumunŭl oewŏboja! --</subfield><subfield code='t'>P&apos;ŭllandasŭŭi kae --</subfield><subfield code='t'>Arŭmdaun sŭlp&apos;ŭmŭl alge haejun p&apos;at&apos;ŭrasuwa nubensŭ! --</subfield><subfield code='t'>Kil : Chelsomina, kkŏjŏgadŏn yangsimŭi sŭwich&apos;irŭl k&apos;yŏnda! --</subfield><subfield code='t'>Mojŏng (Mojŏng) : Sarangiran yŏngwŏnhi pinnanŭn wanggwan(Splendored thing)! --</subfield><subfield code='t'>Naegen nŏmu kabyŏun kŭnyŏ : Somsat&apos;angch&apos;ŏrŏm kabyŏun kŭnyŏ!</subfield></datafield><datafield ind1='0' ind2='0' tag='505'><subfield code='6'>880-11</subfield><subfield code='g'>Che 5 pu.</subfield><subfield code='t'>Pijŭnisŭ</subfield><subfield code='t'>Int&apos;ŏn : Insaengŭi yŏjŏngesŏ ŏdŏjin kyŏngŏmŭn yŏngwŏnhada! --</subfield><subfield code='t'>Wŏlt&apos;ŏŭi sangsangnyŏgŭn hyŏnsiri toenda : Haengbogŭn sangsangŭl silch&apos;ŏnhayŏ nae kŏdŭro mandŭnŭn te itta! --</subfield><subfield code='t'>Kwiyŏun yŏin : Chinsirhan sarangŭn sesangdo pakkul su itta! --</subfield><subfield code='t'>Haengbogŭl ch&apos;adasŏ : Seilchŭ tarini toego sipŭmyŏn samgp&apos;umi anin chasinŭl p&apos;arara! --</subfield><subfield code='t'>Sŏlli: hŏdŭsŭn&apos;gangŭi kijŏk : Tangsindo kijŏgŭi chuin&apos;gongi toel su itta! --</subfield><subfield code='t'>In t&apos;aim : Tangsinŭi hyŏnjusorŭl hwaginhago salmŭi padaro hangae(sailing)hara! --</subfield><subfield code='t'>Ti etchi : Pyŏrang(Edge)esŏ t&apos;alch&apos;urhal su innŭn tangsinŭi saengjonnŭngnyŏgŭn? --</subfield></datafield><datafield ind1='0' ind2='0' tag='505'><subfield code='6'>880-12</subfield><subfield code='g'>Che 6 pu.</subfield><subfield code='t'>P&apos;osŭt&apos;ŭ k&apos;orona</subfield><subfield code='t'>Tant&apos;esŭ p&apos;ik&apos;ŭ : K&apos;ŭn chaeang chŏn 300pŏnŭi kyŏnggo peri ullinda! --</subfield><subfield code='t'>Nanŭn chŏnsŏrida : Musŏun ch&apos;ong, kyun, soega onda! --</subfield><subfield code='t'>Wŏltŭwŏ Z : Chombiesŏ illyurŭl kuhara! --</subfield><subfield code='t'>Mijiwaŭi chou : Mijiwaŭi chou! --</subfield><subfield code='t'>Hwasŏng ch&apos;imgong : K&apos;oronaŭi chigu ch&apos;imgong! --</subfield><subfield code='t'>Swindŭllŏ risŭt&apos;ŭ : Samgwa chugŭmŭi kŭkhan isŭt&apos;ŭ! --</subfield><subfield code='t'>K&apos;asandŭra k&apos;ŭrosing : Komgp&apos;oŭi t&apos;ŭkkŭbyŏlch&apos;a!</subfield></datafield><datafield ind1=' ' ind2='0' tag='650'><subfield code='a'>Motion pictures</subfield><subfield code='x'>History.</subfield><subfield code='0'>http://id.loc.gov/authorities/subjects/sh87002438</subfield></datafield><datafield ind1=' ' ind2='6' tag='650'><subfield code='a'>Cinéma</subfield><subfield code='x'>Histoire.</subfield><subfield code='0'>(CaQQLa)201-0228528</subfield></datafield><datafield ind1=' ' ind2='7' tag='650'><subfield code='a'>Motion pictures.</subfield><subfield code='2'>fast</subfield><subfield code='0'>(OCoLC)fst01027285</subfield></datafield><datafield ind1=' ' ind2='7' tag='655'><subfield code='a'>History.</subfield><subfield code='2'>fast</subfield><subfield code='0'>(OCoLC)fst01411628</subfield></datafield><datafield ind1=' ' ind2='0' tag='830'><subfield code='6'>880-13</subfield><subfield code='a'>Sŏ T&apos;ae-ho ŭi yŏngwa ro ponŭn sam ;</subfield><subfield code='v'>[1].</subfield></datafield><datafield ind1='1' ind2=' ' tag='880'><subfield code='6'>100-01</subfield><subfield code='a'>서 태호,</subfield><subfield code='e'>author.</subfield></datafield><datafield ind1='1' ind2='0' tag='880'><subfield code='6'>245-02</subfield><subfield code='a'>자유 와 행복 을 찾아 영화 여행 을 떠나자! /</subfield><subfield code='c'>서 태호 지음.</subfield></datafield><datafield ind1=' ' ind2=' ' tag='880'><subfield code='6'>250-03</subfield><subfield code='a'>초판.</subfield></datafield><datafield ind1=' ' ind2='1' tag='880'><subfield code='6'>264-04</subfield><subfield code='a'>서울 :</subfield><subfield code='b'>박영사,</subfield><subfield code='c'>2020.</subfield></datafield><datafield ind1='1' ind2=' ' tag='880'><subfield code='6'>490-05</subfield><subfield code='a'>서 태호 의 영화 로 보는 삶 ;</subfield><subfield code='v'>[1]</subfield></datafield><datafield ind1='0' ind2='0' tag='880'><subfield code='6'>505-06</subfield><subfield code='g'>제1부.</subfield><subfield code='t'>소통과 공감 --</subfield><subfield code='t'>죽은 시인의 사회 : 세상에 대한 새로운 눈을 갖고 싶다면 지금 당장 책상 위로 올라가라! --</subfield><subfield code='t'>굿 윌 헌팅 : 후회 없는 삶을 원한다면 자신만의 의지(Will)로 찾아 나서라! --</subfield><subfield code='t'>카사블랑카 : 미래를 밝히기 위해 숭고한 결심을 하는, 당신의 눈동자에 건배! --</subfield><subfield code='t'>여인의 향기 : 실수로 엉키는 스텝이 탱고를 만들듯 인생도 실패를 통해 완성된다! --</subfield><subfield code='t'>늑대와 춤을 : 당신을 떠올리게 하는 또 다른 이름은? --</subfield><subfield code='t'>크림슨 타이드 : 위기상황에서 당신은 어떤 방식으로 소통할 것인가? --</subfield><subfield code='t'>그래비티 : 삶은 중력(gravity)을 견디며 가는 뜻하지 않은 여정(unexpected journey)이다! --</subfield><subfield code='t'>에너미 오브 스테이트 : 당신의 사생활을 엿보는 적(Enemy)을 경계하라! --</subfield><subfield code='t'>혹성탈출: 진화의 시작 : 갈등탈출은 진정한 소통만이 진화(evolution)의 길! --</subfield><subfield code='t'>토요일 밤의 열기 : 청춘은 불타는 토요일의 열기(Night Fever)! --</subfield></datafield><datafield ind1='0' ind2='0' tag='880'><subfield code='6'>505-07</subfield><subfield code='g'>제2부.</subfield><subfield code='t'>리더십 --</subfield><subfield code='t'>미션 임파서블 시리즈 : 나는 과연 어떤 사람으로 기억되고 있나? --</subfield><subfield code='t'>존 카터: 바숨전쟁 의 서막 : 진정한 리더로 거듭나는 4가지 인사이트! --</subfield><subfield code='t'>라이온 킹 : 당신 안에 잠자는 야성의 성공 DNA를 찾아라! --</subfield><subfield code='t'>반지의 제왕 시리즈 : 당신만의 &apos;운명의 반지&apos;를 운반해나가라! --</subfield><subfield code='t'>그랜 토리노 : 황야의 무법자에서 헌신하는 시니어로 돌아온 이스트우드! --</subfield><subfield code='t'>스타워즈 시리즈 : 멋진 인생을 살고 싶은 그대에게 포스(force)가 함께하기를! --</subfield><subfield code='t'>하이 눈 : 혼돈의 정오(High Noon), 정의로운 보안관을 기다린다! --</subfield><subfield code='t'>007 시리즈/문레이커 : 위기일발의 삶을 헤쳐가는 당신은 불사조 &apos;제임스 본드! --</subfield><subfield code='t'>커리지 언더 파이어 : 진정한 용기는 위기 속에 피어난다! --</subfield><subfield code='t'>리멤버 타이탄 : 먼저 화해의 악수를 내민다면, 언젠가 큰 힘을 주는 친구로 돌아온다! --</subfield><subfield code='t'>유브 갓 메일 : 지금의 큰 역경도 먼 훗날 &apos;옛 추억&apos;이 된다! --</subfield><subfield code='t'>브레이브하트 : 신념 있는 삶은 용감한 심장(Brave heart)에서 시작된다! --</subfield><subfield code='t'>어 퓨 굿 맨 : 당신의 특별함은(A Few Good Men) 다른 사람의 존중에서 시작된다! --</subfield><subfield code='t'>벤허 --</subfield><subfield code='t'>큰 고통의 운명(Ben-hur) 속에 위대한 삶의 경주가 있다 --</subfield><subfield code='t'>최종병기 활 : 위기를 극복할 당신만의 최종병기는? --</subfield><subfield code='t'>라이언 일병 구하기 : 인생을 값지게(earn this) 사는 것이 세상을 구하는 길이다! --</subfield><subfield code='t'>위플래쉬 : 당신의 꿈을 채찍질(Whiplash)하는 것은 무엇인가? --</subfield><subfield code='t'>퓨리 : 극한의 전투에서 당신의 탱크(Fury)를 사수하라! --</subfield></datafield><datafield ind1='0' ind2='0' tag='880'><subfield code='6'>505-08</subfield><subfield code='g'>제3부.</subfield><subfield code='t'>창의와 상상 --</subfield><subfield code='t'>배트맨 시리즈 : 우리가 슈퍼맨보다 배트맨을 더 좋아하는 이유? --</subfield><subfield code='t'>인터스텔라 : 유레카! 문제의 답은 시공간을 초월한 사랑에서 찾아라 --</subfield><subfield code='t'>이웃집 토토로 : 어릴 적 동심으로 돌아가서 잊힌 꿈과 사랑을 만나보자! --</subfield><subfield code='t'>터미네이터 : 전쟁은 항상 우리 삶 가까이에 있다 --</subfield><subfield code='t'>빽 투 더 퓨쳐 : 지금 실천하는 작은 용기가 멋진 미래를 만든다! --</subfield><subfield code='t'>맨 인 블랙 시리즈 : 소통되지 않으면 당신은 외계인! --</subfield><subfield code='t'>마이너리티 리포트 : 당신의 운명은 자신의 의지(Minority Report)로 선택할 수 있다(You can choose)! --</subfield><subfield code='t'>이미테이션 게임 : 인생은 퍼즐을 풀어가는 리얼 게임(real game)이다! --</subfield><subfield code='t'>쥬라기 공원 : 쥬라기 공원&apos;에서 당신의 공룡을 소환할 수 있을까? --</subfield><subfield code='t'>보물섬 : 가슴 뛰는 자신만의 보물섬으로 출발하자! --</subfield><subfield code='t'>인디아나 존스 시리즈 : 험의 세계로 이끄는 마법의 채찍! --</subfield><subfield code='t'>스탠바이 웬디 : 비됐나요?(Stand by), 그럼 전진(forward)하세요! --</subfield></datafield><datafield ind1='0' ind2='0' tag='880'><subfield code='6'>505-09</subfield><subfield code='g'>제4부 [pt. 1].</subfield><subfield code='t'>진정한 행복</subfield><subfield code='t'>스틸 앨리스 : 지금 내가 나일 수 있는 마지막 시간이라면 무엇을 할 것인가? --</subfield><subfield code='t'>아름다운 세상을 위하여 : 지금 내 곁에 있는 사람이 가장 소중한 사람이다!</subfield><subfield code='t'>코코 : 누군가 당신을 기억하는 한(remember), 당신의 삶은 영원하다! --</subfield><subfield code='t'>캐스트 어웨이 : 하고 싶은 것이 있다면 지금 당장 실행하라! --</subfield><subfield code='t'>패밀리 맨 : 삶의 방식을 결심하기 전 &apos;엿보기(glance)&apos;가 필요하다! --</subfield><subfield code='t'>구름 속의 산책 : 타버린 포도밭에서도 새싹이 나듯 절망의 인생길에도 희망의 꽃은 핀다! --</subfield><subfield code='t'>데블스 에드버킷 : 악마는 타락한 전문가의 탈을 쓰고 나타난다! --</subfield><subfield code='t'>제리 맥과이어 : 당신을 채워주는(You complete me) 진정 소중한 것은 무엇인가? --</subfield><subfield code='t'>도망자 : 현실에서 도망갈 수는(Fugitive) 있지만, 돌아오기는 더 어렵다! --</subfield><subfield code='t'>사랑과 영혼 : 삶에는 엔딩이 있기에 일상은 더욱 소중하다! --</subfield></datafield><datafield ind1='0' ind2='0' tag='880'><subfield code='6'>505-10</subfield><subfield code='g'>제4부 [pt. 2].</subfield><subfield code='t'>이보다 더 좋을 순 없다 : 당신을 더 좋은 사람(better man)으로 거듭나게 만드는 사람은 --</subfield><subfield code='t'>티파니에서 아침을 : 티파니(Tiffany)의 반짝이는 욕망 속, 당신의 보석을 찾아라! -- 타이타닉 : 인생의 행운(best thing)은 당신을 믿어주는(trust) 사람을 만난 것! --</subfield><subfield code='t'>마이 웨이 : 당신이 선택한 삶의 길 (My way)이라면 후회는 없다! -- 국제시장 : 응답하라 흥남 부두, 여기는 국제시장! -- 빅 히어로 : 따뜻하게 안아주는 당신이 이 시대의 진정한 빅 히어로(Big Hero)! --</subfield><subfield code='t'>졸업 : 인생은 고비마다 통과할 졸업(Graduate)의 순간들이 있다 --</subfield><subfield code='t'>크리스마스 캐럴 : 크리스마스 캐럴이 울려 퍼지면 3명의 유령이 나타난다! --</subfield><subfield code='t'>메리 포핀스 : 행복의 나라로 가는 당신만의 주문을 외워보자! --</subfield><subfield code='t'>플란다스의 개 : 아름다운 슬픔을 알게 해준 파트라슈와 루벤스! --</subfield><subfield code='t'>길 : 젤소미나, 꺼져가던 양심의 스위치를 켠다! --</subfield><subfield code='t'>모정(慕情) : 사랑이란 영원히 빛나는 왕관(Splendored thing)! --</subfield><subfield code='t'>내겐 너무 가벼운 그녀 : 솜사탕처럼 가벼운 그녀!</subfield></datafield><datafield ind1='0' ind2='0' tag='880'><subfield code='6'>505-11</subfield><subfield code='g'>제5부.</subfield><subfield code='t'>비즈니스</subfield><subfield code='t'>인턴 : 인생의 여정에서 얻어진 경험은 영원하다! --</subfield><subfield code='t'>월터의 상상력은 현실이 된다 : 행복은 상상을 실천하여 내 것으로 만드는 데 있다! --</subfield><subfield code='t'>귀여운 여인 : 진실한 사랑은 세상도 바꿀 수 있다! --</subfield><subfield code='t'>행복을 찾아서 : 세일즈 달인이 되고 싶으면 상품이 아닌 자신을 팔아라! --</subfield><subfield code='t'>설리: 허드슨강의 기적 : 당신도 기적의 주인공이 될 수 있다! --</subfield><subfield code='t'>인 타임 : 당신의 현주소를 확인하고 삶의 바다로 항해(sailing)하라! --</subfield><subfield code='t'>디 엣지 : 벼랑(Edge)에서 탈출할 수 있는 당신의 생존능력은? --</subfield></datafield><datafield ind1='0' ind2='0' tag='880'><subfield code='6'>505-12</subfield><subfield code='g'>제6부.</subfield><subfield code='t'>포스트 코로나</subfield><subfield code='t'>단테스 피크 : 큰 재앙 전 300번의 경고 벨이 울린다! --</subfield><subfield code='t'>나는 전설이다 : 무서운 총, 균, 쇠가 온다! --</subfield><subfield code='t'>월드워 Z : 좀비에서 인류를 구하라! --</subfield><subfield code='t'>미지와의 조우 : 미지와의 조우! --</subfield><subfield code='t'>화성 침공 : 코로나의 지구 침공! --</subfield><subfield code='t'>쉰들러 리스트 : 삶과 죽음의 극한 리스트! --</subfield><subfield code='t'>카산드라 크로싱 : 공포의 특급열차!</subfield></datafield><datafield ind1=' ' ind2='0' tag='880'><subfield code='6'>830-13</subfield><subfield code='a'>서 태호 의 영화 로 보는 삶 ;</subfield><subfield code='v'>[1].</subfield></datafield><datafield ind1='0' ind2='0' tag='852'><subfield code='h'>PN1993.5.A1 S5627 2020</subfield><subfield code='0'>16166226</subfield><subfield code='b'>scsbcul</subfield></datafield><datafield ind1=' ' ind2=' ' tag='876'><subfield code='0'>16166226</subfield><subfield code='a'>22872688</subfield><subfield code='h'> </subfield><subfield code='j'>Available</subfield><subfield code='p'>CU30274494</subfield><subfield code='t'>1</subfield><subfield code='x'>Shared</subfield><subfield code='z'>CU</subfield><subfield code='l'>RECAP</subfield></datafield></record>