
<record><leader>04067cam a2200625 i 4500</leader><controlfield tag='001'>SCSB-14804487</controlfield><controlfield tag='003'>NNC</controlfield><controlfield tag='005'>20240722213536.0</controlfield><controlfield tag='008'>230309s2023    ko a          001 0 kor  </controlfield><controlfield tag='009'>17166318</controlfield><datafield ind1=' ' ind2=' ' tag='020'><subfield code='a'>9791192366166</subfield></datafield><datafield ind1='1' ind2=' ' tag='029'><subfield code='a'>AU@</subfield><subfield code='b'>000075701883</subfield></datafield><datafield ind1='1' ind2=' ' tag='029'><subfield code='a'>AU@</subfield><subfield code='b'>000076195350</subfield></datafield><datafield ind1=' ' ind2=' ' tag='035'><subfield code='a'>(OCoLC)on1371463391</subfield></datafield><datafield ind1=' ' ind2=' ' tag='035'><subfield code='a'>(OCoLC)1371463391</subfield></datafield><datafield ind1=' ' ind2=' ' tag='035'><subfield code='a'>17166318</subfield></datafield><datafield ind1=' ' ind2=' ' tag='040'><subfield code='a'>BRG</subfield><subfield code='b'>eng</subfield><subfield code='e'>rda</subfield><subfield code='c'>BRG</subfield><subfield code='d'>BRG</subfield><subfield code='d'>ZQP</subfield><subfield code='d'>NZAUC</subfield><subfield code='d'>OCLCF</subfield><subfield code='d'>OCLCQ</subfield><subfield code='d'>OCLCO</subfield><subfield code='d'>SNN</subfield><subfield code='d'>ZCU</subfield></datafield><datafield ind1=' ' ind2=' ' tag='049'><subfield code='a'>ZCUA</subfield></datafield><datafield ind1=' ' ind2='4' tag='050'><subfield code='a'>TX724.5.K65</subfield><subfield code='b'>C46 2023</subfield></datafield><datafield ind1='1' ind2=' ' tag='100'><subfield code='6'>880-01</subfield><subfield code='a'>Chŏng, Chae-dŏk</subfield><subfield code='c'>(Chef),</subfield><subfield code='e'>author.</subfield><subfield code='4'>http://id.loc.gov/vocabulary/relators/aut</subfield></datafield><datafield ind1='1' ind2='0' tag='245'><subfield code='6'>880-02</subfield><subfield code='a'>Maeil mandŭrŏ mŏkko sipŭn pigŏn·hansik :</subfield><subfield code='b'>sach&apos;al ŭmsik ŭl mot&apos;ibŭro han sobakhan ch&apos;aesik chippap 106-kaji /</subfield><subfield code='c'>Chŏng Chae-dŏk chiŭm ; sajin: Yi Po-yŏng.</subfield></datafield><datafield ind1=' ' ind2=' ' tag='250'><subfield code='6'>880-03</subfield><subfield code='a'>1-p&apos;an.</subfield></datafield><datafield ind1=' ' ind2='1' tag='264'><subfield code='6'>880-04</subfield><subfield code='a'>Sŏul-si :</subfield><subfield code='b'>Resip&apos;i P&apos;aekt&apos;ori,</subfield><subfield code='c'>2023.</subfield></datafield><datafield ind1=' ' ind2=' ' tag='300'><subfield code='a'>217 pages :</subfield><subfield code='b'>color illustrations ;</subfield><subfield code='c'>24 cm.</subfield></datafield><datafield ind1=' ' ind2=' ' tag='336'><subfield code='a'>text</subfield><subfield code='b'>txt</subfield><subfield code='2'>rdacontent</subfield></datafield><datafield ind1=' ' ind2=' ' tag='336'><subfield code='a'>still image</subfield><subfield code='b'>sti</subfield><subfield code='2'>rdacontent</subfield></datafield><datafield ind1=' ' ind2=' ' tag='337'><subfield code='a'>unmediated</subfield><subfield code='b'>n</subfield><subfield code='2'>rdamedia</subfield></datafield><datafield ind1=' ' ind2=' ' tag='338'><subfield code='a'>volume</subfield><subfield code='b'>nc</subfield><subfield code='2'>rdacarrier</subfield></datafield><datafield ind1='1' ind2=' ' tag='490'><subfield code='6'>880-05</subfield><subfield code='a'>Resip&apos;i P&apos;aekt&apos;ori sojanghago sipŭn yorich&apos;aek</subfield></datafield><datafield ind1=' ' ind2=' ' tag='500'><subfield code='a'>Includes index.</subfield></datafield><datafield ind1=' ' ind2='0' tag='650'><subfield code='a'>Cooking (Vegetables)</subfield><subfield code='0'>http://id.loc.gov/authorities/subjects/sh85032146</subfield></datafield><datafield ind1=' ' ind2='0' tag='650'><subfield code='a'>Vegetarian cooking.</subfield><subfield code='0'>http://id.loc.gov/authorities/subjects/sh85142518</subfield></datafield><datafield ind1=' ' ind2='0' tag='650'><subfield code='a'>Cooking, Korean.</subfield><subfield code='0'>http://id.loc.gov/authorities/subjects/sh85031851</subfield></datafield><datafield ind1=' ' ind2='6' tag='650'><subfield code='a'>Cuisine (Légumes)</subfield><subfield code='0'>(CaQQLa)201-0025184</subfield></datafield><datafield ind1=' ' ind2='6' tag='650'><subfield code='a'>Cuisine végétarienne.</subfield><subfield code='0'>(CaQQLa)201-0104484</subfield></datafield><datafield ind1=' ' ind2='6' tag='650'><subfield code='a'>Cuisine coréenne.</subfield><subfield code='0'>(CaQQLa)201-0146780</subfield></datafield><datafield ind1=' ' ind2='7' tag='650'><subfield code='a'>Cooking, Korean.</subfield><subfield code='2'>fast</subfield><subfield code='0'>(OCoLC)fst01753371</subfield></datafield><datafield ind1=' ' ind2='7' tag='650'><subfield code='a'>Cooking (Vegetables)</subfield><subfield code='2'>fast</subfield><subfield code='0'>(OCoLC)fst01753211</subfield></datafield><datafield ind1=' ' ind2='7' tag='650'><subfield code='a'>Vegetarian cooking.</subfield><subfield code='2'>fast</subfield><subfield code='0'>(OCoLC)fst01754701</subfield></datafield><datafield ind1=' ' ind2='0' tag='655'><subfield code='a'>Korean language materials.</subfield></datafield><datafield ind1=' ' ind2='7' tag='655'><subfield code='a'>Cookbooks.</subfield><subfield code='2'>aat</subfield><subfield code='0'>(CStmoGRI)aatgf300026109</subfield><subfield code='0'>http://vocab.getty.edu/aat/300026109</subfield></datafield><datafield ind1=' ' ind2='7' tag='655'><subfield code='a'>Cookbooks.</subfield><subfield code='2'>fast</subfield><subfield code='0'>(OCoLC)fst01752725</subfield></datafield><datafield ind1=' ' ind2='7' tag='655'><subfield code='a'>Cookbooks.</subfield><subfield code='2'>lcgft</subfield><subfield code='0'>http://id.loc.gov/authorities/genreForms/gf2011026169</subfield></datafield><datafield ind1=' ' ind2='7' tag='655'><subfield code='a'>Livres de cuisine.</subfield><subfield code='2'>rvmgf</subfield><subfield code='0'>(CaQQLa)RVMGF-000000119</subfield></datafield><datafield ind1='1' ind2=' ' tag='700'><subfield code='6'>880-06</subfield><subfield code='a'>Yi, Po-yŏng,</subfield><subfield code='e'>photographer.</subfield><subfield code='4'>http://id.loc.gov/vocabulary/relators/pht</subfield></datafield><datafield ind1=' ' ind2='0' tag='830'><subfield code='6'>880-07</subfield><subfield code='a'>Resip&apos;i P&apos;aekt&apos;ori sojanghago sipŭn yorich&apos;aek.</subfield></datafield><datafield ind1='1' ind2=' ' tag='880'><subfield code='6'>100-01</subfield><subfield code='a'>정재덕</subfield><subfield code='c'>(Chef),</subfield><subfield code='e'>author.</subfield></datafield><datafield ind1='1' ind2='0' tag='880'><subfield code='6'>245-02</subfield><subfield code='a'>매일 만들어 먹고 싶은 비건·한식 :</subfield><subfield code='b'>사찰 음식을 모티브로 한 소박한 채식 집밥 106가지 /</subfield><subfield code='c'>정재덕 지음 ; 사진: 이보영.</subfield></datafield><datafield ind1=' ' ind2=' ' tag='880'><subfield code='6'>250-03</subfield><subfield code='a'>1판.</subfield></datafield><datafield ind1=' ' ind2='1' tag='880'><subfield code='6'>264-04</subfield><subfield code='a'>서울시 :</subfield><subfield code='b'>레시피 팩토리,</subfield><subfield code='c'>2023.</subfield></datafield><datafield ind1='1' ind2=' ' tag='880'><subfield code='6'>490-05</subfield><subfield code='a'>레시피팩토리 소장하고 싶은 요리책</subfield></datafield><datafield ind1=' ' ind2=' ' tag='880'><subfield code='6'>520-00</subfield><subfield code='a'>&quot;&apos;비건 한식&apos;은 말 그대로 &apos;식물성 식재료로만 만든 한식&apos;을 의미합니다. 우리의 대표적인 채식에는 &apos;사찰 음식&apos;이 있지요. 정재덕 셰프의 &apos;비건 한식&apos;은 사찰 음식에서 출발합니다. 사찰 음식은 일반적인 한식, 채식과 조금 다릅니다. 우리의 산과 들에서 나는 제철 재료를 최소한의 양념만 써서 아주 소박하게 요리하되, 마음의 평안을 방해한다는 오신채(파, 마늘, 부추, 달래, 흥거)는 사용하지 않지요. 사찰 음식을 선호하는 분들이 몸은 물론 마음까지 편안하게 해준다고 하는 것이 바로 그 이유랍니다. 그런데 사찰 음식이 건강에 좋은 건 알지만, 재료부터 조리법까지 집에서 만들기 어렵다는 분들이 많습니다. 그래서 이 책에서는 사찰 음식의 원칙은 그대로 지키되, 채식인이라면 누구나 좋아할 만한 메뉴를 골라 어디서든 구할 수 있는 재료와 집에 있는 양념만으로 더 쉽고 맛있게 만드는 방법을 소개했습니다.&quot; --</subfield><subfield code='c'>Yes24.com.</subfield></datafield><datafield ind1='1' ind2=' ' tag='880'><subfield code='6'>700-06</subfield><subfield code='a'>이보영,</subfield><subfield code='e'>photographer.</subfield></datafield><datafield ind1=' ' ind2='0' tag='880'><subfield code='6'>830-07</subfield><subfield code='a'>레시피팩토리 소장하고 싶은 요리책.</subfield></datafield><datafield ind1='0' ind2='0' tag='852'><subfield code='h'>TX724.5.K65 C5365 2023</subfield><subfield code='0'>15820952</subfield><subfield code='b'>scsbcul</subfield></datafield><datafield ind1=' ' ind2=' ' tag='876'><subfield code='0'>15820952</subfield><subfield code='a'>22474427</subfield><subfield code='h'> </subfield><subfield code='j'>Available</subfield><subfield code='p'>CU29616670</subfield><subfield code='t'>1</subfield><subfield code='x'>Shared</subfield><subfield code='z'>CU</subfield><subfield code='l'>RECAP</subfield></datafield></record>