
<record><leader>02478cam a2200469 i 4500</leader><controlfield tag='001'>SCSB-15193547</controlfield><controlfield tag='005'>20250621165300.6</controlfield><controlfield tag='008'>241204s2024    ko a          000 0 kor  </controlfield><controlfield tag='009'>19065516</controlfield><datafield ind1=' ' ind2=' ' tag='010'><subfield code='a'>  2025363415</subfield></datafield><datafield ind1=' ' ind2=' ' tag='020'><subfield code='a'>9791170611875</subfield></datafield><datafield ind1=' ' ind2=' ' tag='035'><subfield code='a'>(OCoLC)1458476285</subfield></datafield><datafield ind1=' ' ind2=' ' tag='035'><subfield code='a'>19065516</subfield></datafield><datafield ind1=' ' ind2=' ' tag='040'><subfield code='a'>BRG</subfield><subfield code='b'>eng</subfield><subfield code='e'>rda</subfield><subfield code='c'>DLC</subfield><subfield code='d'>EYM</subfield><subfield code='d'>BRG</subfield><subfield code='d'>DLC</subfield><subfield code='d'>OCLCO</subfield><subfield code='d'>VP@</subfield><subfield code='d'>ZCU</subfield></datafield><datafield ind1=' ' ind2=' ' tag='042'><subfield code='a'>lccopycat</subfield></datafield><datafield ind1=' ' ind2=' ' tag='043'><subfield code='a'>a-ko---</subfield></datafield><datafield ind1=' ' ind2=' ' tag='049'><subfield code='a'>ZCUA</subfield></datafield><datafield ind1='0' ind2='0' tag='050'><subfield code='a'>HN730.5.Z9</subfield><subfield code='b'>I56834 2024</subfield></datafield><datafield ind1='0' ind2='4' tag='082'><subfield code='a'>303.4951</subfield><subfield code='2'>23</subfield></datafield><datafield ind1='1' ind2=' ' tag='100'><subfield code='6'>880-01</subfield><subfield code='a'>Song, Kir-yŏng</subfield><subfield code='c'>(Big data expert),</subfield><subfield code='e'>author.</subfield><subfield code='4'>http://id.loc.gov/vocabulary/relators/aut</subfield><subfield code='0'>http://id.loc.gov/authorities/names/n2024015538</subfield></datafield><datafield ind1='1' ind2='0' tag='245'><subfield code='6'>880-02</subfield><subfield code='a'>Sidae yebo :</subfield><subfield code='b'>homyŏng sahoe /</subfield><subfield code='c'>Song Ki-ryŏng = Forecast of the times : nominative society / Song Gilyoung.</subfield></datafield><datafield ind1='3' ind2='1' tag='246'><subfield code='a'>Forecast of the times :</subfield><subfield code='b'>nominative society</subfield></datafield><datafield ind1='3' ind2=' ' tag='246'><subfield code='6'>880-03</subfield><subfield code='a'>Homyŏng sahoe</subfield></datafield><datafield ind1=' ' ind2=' ' tag='250'><subfield code='6'>880-04</subfield><subfield code='a'>Ch&apos;op&apos;an.</subfield></datafield><datafield ind1=' ' ind2='1' tag='264'><subfield code='6'>880-05</subfield><subfield code='a'>Kyŏnggi-do P&apos;aju-si :</subfield><subfield code='b'>Kyobo Mun&apos;go,</subfield><subfield code='c'>2024.</subfield></datafield><datafield ind1=' ' ind2=' ' tag='300'><subfield code='a'>340 pages :</subfield><subfield code='b'>illustrations ;</subfield><subfield code='c'>19 cm</subfield></datafield><datafield ind1=' ' ind2=' ' tag='336'><subfield code='a'>text</subfield><subfield code='b'>txt</subfield><subfield code='2'>rdacontent</subfield></datafield><datafield ind1=' ' ind2=' ' tag='337'><subfield code='a'>unmediated</subfield><subfield code='b'>n</subfield><subfield code='2'>rdamedia</subfield></datafield><datafield ind1=' ' ind2=' ' tag='338'><subfield code='a'>volume</subfield><subfield code='b'>nc</subfield><subfield code='2'>rdacarrier</subfield></datafield><datafield ind1=' ' ind2=' ' tag='504'><subfield code='a'>Includes bibliographical references.</subfield></datafield><datafield ind1=' ' ind2='0' tag='650'><subfield code='a'>Social change</subfield><subfield code='z'>Korea (South)</subfield><subfield code='0'>http://id.loc.gov/authorities/subjects/sh2010113473</subfield></datafield><datafield ind1=' ' ind2='0' tag='650'><subfield code='a'>Social prediction</subfield><subfield code='z'>Korea (South)</subfield><subfield code='0'>http://id.loc.gov/authorities/subjects/sh2010113625</subfield></datafield><datafield ind1=' ' ind2='6' tag='650'><subfield code='a'>Prévision sociale</subfield><subfield code='0'>(CaQQLa)201-0066530</subfield><subfield code='z'>Corée du Sud.</subfield><subfield code='0'>(CaQQLa)201-0476627</subfield></datafield><datafield ind1='1' ind2=' ' tag='880'><subfield code='6'>100-01</subfield><subfield code='a'>송 길영</subfield><subfield code='c'>(Big data expert),</subfield><subfield code='e'>author.</subfield></datafield><datafield ind1='1' ind2='0' tag='880'><subfield code='6'>245-02</subfield><subfield code='a'>시대 예보 :</subfield><subfield code='b'>호명 사회 /</subfield><subfield code='c'>송 길영 = Forecast of the times : nominative society / Song Gilyoung.</subfield></datafield><datafield ind1='3' ind2=' ' tag='880'><subfield code='6'>246-03</subfield><subfield code='a'>호명 사회</subfield></datafield><datafield ind1=' ' ind2=' ' tag='880'><subfield code='6'>250-04</subfield><subfield code='a'>초판.</subfield></datafield><datafield ind1=' ' ind2='1' tag='880'><subfield code='6'>264-05</subfield><subfield code='a'>경기도 파주시 :</subfield><subfield code='b'>교보 문고,</subfield><subfield code='c'>2024.</subfield></datafield><datafield ind1=' ' ind2=' ' tag='880'><subfield code='6'>520-00</subfield><subfield code='a'>Summary in Korean: &quot;&quot;시대예보: 호명사회&quot;에서는 먼저 경쟁의 인플레이션, 시〓레이션 과잉, 좋은 직장의 월급 루팡, 유치원 의대 준비반, 열정의 가치 폭락, 가해자 세대와 피해자 세대 등 지금의 불안녕 시대를 살펴본다. 동시에 없어지지 않을 직업들, 생존 증거주의, 골디락스 존, N잡러, 느슨한 연대감, 텍스트힙, 호모 아르티장 등 앞으로 우리가 맞이할 자립으로 살아남는 시대를 예보한다. 기후 변화가 지난 천년의 기상 메커니즘을 벗어나는 일이 점점 더 잦아지고 있다. 매일 뉴스에서 빠지지 않는 일기예보가 무색할 정도로 급변하며 하루 앞을 예측하기 어려운 시대이지만, 그럼에도 불구하고 우리는 종종 그것이 맞지 않더라도 준비와 대비를 위해 귀를 기울인다. 비유하자면 이는 단순히 비를 피하기 위한 정도의 준비가 아니다. 누군가에게는 생업과 생명이 달려 있을 만큼 중요한 일이다. 이제 옷차림을 위해 한 철의 기상을 알려주는 일기예보가 아닌, 내 삶을 대비하기 위한 더 큰 호흡의 두 번째 &apos;시대예보&apos;가 시작된다.&quot; --</subfield><subfield code='c'>Yes24.com.</subfield></datafield><datafield ind1=' ' ind2=' ' tag='900'><subfield code='a'>MARS</subfield></datafield><datafield ind1=' ' ind2=' ' tag='994'><subfield code='a'>C0</subfield><subfield code='b'>ZCU</subfield></datafield><datafield ind1='1' ind2=' ' tag='948'><subfield code='a'>20250516</subfield><subfield code='b'>c</subfield><subfield code='c'>mj3049</subfield><subfield code='d'>EAX</subfield></datafield><datafield ind1='0' ind2='0' tag='852'><subfield code='0'>16284393</subfield><subfield code='h'>HN730.5.Z9</subfield><subfield code='i'>I56834 2024</subfield><subfield code='b'>scsbcul</subfield></datafield><datafield ind1=' ' ind2=' ' tag='876'><subfield code='0'>16284393</subfield><subfield code='a'>23025232</subfield><subfield code='j'>Not Available</subfield><subfield code='p'>CU30273340</subfield><subfield code='t'>0</subfield><subfield code='x'>Shared</subfield><subfield code='z'>CU</subfield><subfield code='l'>RECAP</subfield></datafield></record>