
<record><leader>05473cam a2200565 i 4500</leader><controlfield tag='001'>SCSB-5858255</controlfield><controlfield tag='003'>NNC</controlfield><controlfield tag='005'>20230406051250.0</controlfield><controlfield tag='008'>160617t20162016gw a     b    000 0 eng d</controlfield><controlfield tag='009'>12065237</controlfield><datafield ind1='7' ind2=' ' tag='016'><subfield code='a'>017910008</subfield><subfield code='2'>Uk</subfield></datafield><datafield ind1=' ' ind2=' ' tag='020'><subfield code='a'>3838208455</subfield></datafield><datafield ind1=' ' ind2=' ' tag='020'><subfield code='a'>3838208854</subfield><subfield code='q'>(pbk.)</subfield></datafield><datafield ind1=' ' ind2=' ' tag='020'><subfield code='a'>9783838208459</subfield></datafield><datafield ind1=' ' ind2=' ' tag='020'><subfield code='a'>9783838208855</subfield><subfield code='q'>(pbk.)</subfield></datafield><datafield ind1=' ' ind2=' ' tag='035'><subfield code='a'>(OCoLC)927400997</subfield></datafield><datafield ind1=' ' ind2=' ' tag='035'><subfield code='a'>(NNC)12065237</subfield></datafield><datafield ind1=' ' ind2=' ' tag='035'><subfield code='a'>12065237</subfield></datafield><datafield ind1=' ' ind2=' ' tag='040'><subfield code='a'>YDXCP</subfield><subfield code='b'>eng</subfield><subfield code='e'>rda</subfield><subfield code='c'>YDXCP</subfield><subfield code='d'>BTCTA</subfield><subfield code='d'>OCLCQ</subfield><subfield code='d'>OCLCO</subfield><subfield code='d'>OCLCF</subfield><subfield code='d'>WVU</subfield><subfield code='d'>OCLCO</subfield><subfield code='d'>LTSCA</subfield><subfield code='d'>BDX</subfield><subfield code='d'>OCL</subfield><subfield code='d'>COO</subfield><subfield code='d'>STF</subfield><subfield code='d'>OCLCQ</subfield><subfield code='d'>BCD</subfield><subfield code='d'>YDX</subfield><subfield code='d'>UKMGB</subfield></datafield><datafield ind1=' ' ind2=' ' tag='043'><subfield code='a'>e-un---</subfield></datafield><datafield ind1=' ' ind2='4' tag='050'><subfield code='a'>HD2346.U38</subfield><subfield code='b'>P65 2016</subfield></datafield><datafield ind1='0' ind2='4' tag='082'><subfield code='a'>947.7/1086</subfield></datafield><datafield ind1='1' ind2=' ' tag='100'><subfield code='a'>Polese, Abel.</subfield><subfield code='0'>http://id.loc.gov/authorities/names/n2010000571</subfield></datafield><datafield ind1='1' ind2='0' tag='245'><subfield code='a'>Limits of a post-soviet state :</subfield><subfield code='b'>how informality replaces, renegotiates, and reshapes governance in contemporary Ukraine /</subfield><subfield code='c'>Abel Polese ; with a foreword by Colin C. Williams.</subfield></datafield><datafield ind1=' ' ind2='1' tag='264'><subfield code='a'>Stuttgart :</subfield><subfield code='b'>Ibidem-Verlag,</subfield><subfield code='c'>[2016]</subfield></datafield><datafield ind1=' ' ind2='4' tag='264'><subfield code='c'>2016</subfield></datafield><datafield ind1=' ' ind2=' ' tag='300'><subfield code='a'>245 pages :</subfield><subfield code='b'>illustrations ;</subfield><subfield code='c'>21 cm.</subfield></datafield><datafield ind1=' ' ind2=' ' tag='336'><subfield code='a'>text</subfield><subfield code='b'>txt</subfield><subfield code='2'>rdacontent</subfield></datafield><datafield ind1=' ' ind2=' ' tag='337'><subfield code='a'>unmediated</subfield><subfield code='b'>n</subfield><subfield code='2'>rdamedia</subfield></datafield><datafield ind1=' ' ind2=' ' tag='338'><subfield code='a'>volume</subfield><subfield code='b'>nc</subfield><subfield code='2'>rdacarrier</subfield></datafield><datafield ind1='1' ind2=' ' tag='490'><subfield code='a'>Soviet and post-Soviet politics and society,</subfield><subfield code='x'>1614-3515 ;</subfield><subfield code='v'>154</subfield></datafield><datafield ind1=' ' ind2=' ' tag='504'><subfield code='a'>Includes bibliographical references.</subfield></datafield><datafield ind1='0' ind2='0' tag='505'><subfield code='g'>Acknowledgements --</subfield><subfield code='g'>Foreword by Colin C. Williams --</subfield><subfield code='t'>Introduction : where is informality? --</subfield><subfield code='t'>How much of this book is about Ukraine? --</subfield><subfield code='t'>What is informality? --</subfield><subfield code='t'>Main themes of this book : (Over) regulation and informality --</subfield><subfield code='t'>&apos;In spite of the state&apos; and &apos;beyond the state&apos; --</subfield><subfield code='t'>Morality, compliance Informality and the cubic watermelon paradigm --</subfield><subfield code='t'>Cited works --</subfield><subfield code='t'>Informality and the (welfare) state --</subfield><subfield code='t'>Introduction --</subfield><subfield code='t'>Welfare and the role of the state in post-socialism --</subfield><subfield code='t'>Individual agency and bottom-up welfare provision --</subfield><subfield code='t'>Reforms to the pension system from the bottom : Uzbekistan --</subfield><subfield code='t'>Access (or lack thereof) to healthcare : Lithuania --</subfield><subfield code='t'>Welfare as childcare : Romania --</subfield><subfield code='t'>Conclusion --</subfield><subfield code='t'>Cited works --</subfield><subfield code='t'>Informality, borders and boundaries --</subfield><subfield code='t'>Redefining borders and their morality --</subfield><subfield code='t'>Scenes from a border --</subfield><subfield code='t'>A false bottom train --</subfield><subfield code='t'>Alternative ways of crossing --</subfield><subfield code='t'>Concluding remarks --</subfield><subfield code='t'>Cited works --</subfield><subfield code='t'>Border crossing, petty trade and the role of informality in breaking artificial monopolies --</subfield><subfield code='t'>Introduction : a running bazaar --</subfield><subfield code='t'>Hum, I am Sorry ... Where is the border? --</subfield><subfield code='t'>Smugglers or traders? --</subfield><subfield code='t'>Do you have a Tomato? scenes of &quot;Legal&quot; corruption --</subfield><subfield code='t'>Conclusion --</subfield><subfield code='t'>Cited works --</subfield><subfield code='t'>Informality and grey areas : introducing the &quot;brift&quot; --</subfield><subfield code='t'>If I receive it, it is a gift : if I demand it, then it is a bribe --</subfield><subfield code='t'>Informal payments and the role of the state --</subfield><subfield code='t'>Switching moralities --</subfield><subfield code='t'>The academic &apos;moral code&apos; --</subfield><subfield code='t'>&apos;Survival techniques&apos; of hospitals --</subfield><subfield code='t'>Concluding remarks --</subfield><subfield code='t'>Cited works --</subfield><subfield code='t'>Informality between private and state initiative --</subfield><subfield code='t'>Introduction --</subfield><subfield code='t'>Informality and (lack of) welfare --</subfield><subfield code='t'>Structure and agency in debates on informality --</subfield><subfield code='t'>Chernobyl --</subfield><subfield code='t'>Chernobyl welfare --</subfield><subfield code='t'>Food and welfare --</subfield><subfield code='t'>Rejecting welfare and embracing place --</subfield><subfield code='t'>Conclusion --</subfield><subfield code='t'>Cited works --</subfield><subfield code='t'>The guest at the dining table : economic transitions and informal renegotiations of hospitality --</subfield><subfield code='t'>What&apos;s so special about eating? what all that food, eans --</subfield><subfield code='t'>What is hospitality? --</subfield><subfield code='t'>Who is a guest? Who is a stranger? --</subfield><subfield code='t'>Step I : Entertaining the host&apos;s belly --</subfield><subfield code='t'>Food without borders : the dinner --</subfield><subfield code='t'>Discovering your limits : drinking --</subfield><subfield code='t'>Final reflections on hospitality, food and guests --</subfield><subfield code='t'>Cited works --</subfield><subfield code='t'>Why bazaars are not wiped out by supermarkets : reflections on a possible bazaar economy --</subfield><subfield code='t'>Introduction : the role of bazaars in Odessa --</subfield><subfield code='t'>On the persistence of informal economic practices in the (post-Soviet) world --</subfield><subfield code='t'>The origins of bazaars in Odessa --</subfield><subfield code='t'>The morphology and function of bazaars of Odessa --</subfield><subfield code='t'>Post-1991 bazaars and their challenges --</subfield><subfield code='t'>The transformation of bazaars --</subfield><subfield code='t'>The future of bazaars in Odessa --</subfield><subfield code='t'>Cited works --</subfield><subfield code='t'>New directions in informality studies? policy making and implementation --</subfield><subfield code='t'>Methodological considerations --</subfield><subfield code='t'>The context : evolution of language statuses in Ukraine --</subfield><subfield code='t'>Domesticating Ukrainian identities --</subfield><subfield code='t'>Concluding remarks --</subfield><subfield code='t'>Cited works --</subfield><subfield code='t'>By way of conclusion : on current and further directions in informality research.</subfield></datafield><datafield ind1=' ' ind2='0' tag='650'><subfield code='a'>Informal sector (Economics)</subfield><subfield code='z'>Ukraine.</subfield></datafield><datafield ind1=' ' ind2='0' tag='650'><subfield code='a'>Post-communism</subfield><subfield code='x'>Economic aspects</subfield><subfield code='z'>Ukraine.</subfield></datafield><datafield ind1=' ' ind2='0' tag='650'><subfield code='a'>Post-communism</subfield><subfield code='x'>Social aspects</subfield><subfield code='z'>Ukraine.</subfield></datafield><datafield ind1=' ' ind2='0' tag='651'><subfield code='a'>Ukraine</subfield><subfield code='x'>Economic conditions</subfield><subfield code='y'>1991-</subfield><subfield code='0'>http://id.loc.gov/authorities/subjects/sh93000537</subfield></datafield><datafield ind1=' ' ind2='0' tag='651'><subfield code='a'>Ukraine</subfield><subfield code='x'>Social conditions</subfield><subfield code='y'>1991-</subfield><subfield code='0'>http://id.loc.gov/authorities/subjects/sh93006457</subfield></datafield><datafield ind1=' ' ind2='0' tag='651'><subfield code='a'>Ukraine</subfield><subfield code='x'>Politics and government</subfield><subfield code='y'>1991-</subfield><subfield code='0'>http://id.loc.gov/authorities/subjects/sh92003646</subfield></datafield><datafield ind1=' ' ind2='7' tag='650'><subfield code='a'>Economic history.</subfield><subfield code='2'>fast</subfield><subfield code='0'>(OCoLC)fst00901974</subfield></datafield><datafield ind1=' ' ind2='7' tag='650'><subfield code='a'>Informal sector (Economics)</subfield><subfield code='2'>fast</subfield><subfield code='0'>(OCoLC)fst00972518</subfield></datafield><datafield ind1=' ' ind2='7' tag='650'><subfield code='a'>Politics and government.</subfield><subfield code='2'>fast</subfield><subfield code='0'>(OCoLC)fst01919741</subfield></datafield><datafield ind1=' ' ind2='7' tag='650'><subfield code='a'>Post-communism</subfield><subfield code='x'>Economic aspects.</subfield><subfield code='2'>fast</subfield><subfield code='0'>(OCoLC)fst01072733</subfield></datafield><datafield ind1=' ' ind2='7' tag='650'><subfield code='a'>Post-communism</subfield><subfield code='x'>Social aspects.</subfield><subfield code='2'>fast</subfield><subfield code='0'>(OCoLC)fst01072739</subfield></datafield><datafield ind1=' ' ind2='7' tag='650'><subfield code='a'>Social conditions.</subfield><subfield code='2'>fast</subfield><subfield code='0'>(OCoLC)fst01919811</subfield></datafield><datafield ind1=' ' ind2='7' tag='651'><subfield code='a'>Ukraine.</subfield><subfield code='2'>fast</subfield><subfield code='0'>(OCoLC)fst01211738</subfield></datafield><datafield ind1=' ' ind2='7' tag='648'><subfield code='a'>Since 1991</subfield><subfield code='2'>fast</subfield></datafield><datafield ind1=' ' ind2='0' tag='830'><subfield code='a'>Soviet and post-Soviet politics and society ;</subfield><subfield code='v'>154.</subfield><subfield code='0'>http://id.loc.gov/authorities/names/n2005043599</subfield></datafield><datafield ind1='0' ind2='0' tag='852'><subfield code='h'>HD2346.U38 P65 2016g</subfield><subfield code='0'>5848272</subfield><subfield code='b'>scsbcul</subfield></datafield><datafield ind1=' ' ind2=' ' tag='876'><subfield code='0'>5848272</subfield><subfield code='a'>8578554</subfield><subfield code='h'> </subfield><subfield code='j'>Available</subfield><subfield code='p'>CU24939978</subfield><subfield code='t'>1</subfield><subfield code='x'>Shared</subfield><subfield code='z'>CU</subfield><subfield code='l'>RECAP</subfield></datafield></record>