
<record><leader>06149nam a2200361 a 4500</leader><controlfield tag='001'>SCSB-3659748</controlfield><controlfield tag='003'>NNC</controlfield><controlfield tag='005'>20220616003923.0</controlfield><controlfield tag='008'>980506s1998    laua         s000 0 eng  </controlfield><controlfield tag='009'>2260268</controlfield><datafield ind1=' ' ind2=' ' tag='010'><subfield code='a'>   98024404 </subfield></datafield><datafield ind1=' ' ind2=' ' tag='020'><subfield code='a'>0807123307 (paper : alk. paper)</subfield></datafield><datafield ind1=' ' ind2=' ' tag='020'><subfield code='a'>0807123293 (cloth : alk. paper)</subfield></datafield><datafield ind1=' ' ind2=' ' tag='035'><subfield code='a'>(OCoLC)ocm39108771</subfield></datafield><datafield ind1=' ' ind2=' ' tag='035'><subfield code='9'>APA0102CU</subfield></datafield><datafield ind1=' ' ind2=' ' tag='035'><subfield code='a'>2260268</subfield></datafield><datafield ind1=' ' ind2=' ' tag='040'><subfield code='a'>DLC</subfield><subfield code='c'>DLC</subfield><subfield code='d'>OrLoB-B</subfield></datafield><datafield ind1='0' ind2='0' tag='050'><subfield code='a'>PS615</subfield><subfield code='b'>.S387 1998</subfield></datafield><datafield ind1='0' ind2='0' tag='082'><subfield code='a'>811/.5408</subfield><subfield code='2'>21</subfield></datafield><datafield ind1='0' ind2='2' tag='245'><subfield code='a'>A new pléiade :</subfield><subfield code='b'>selected poems /</subfield><subfield code='c'>[by] seven American poets: Fred Chappell [and others].</subfield></datafield><datafield ind1=' ' ind2=' ' tag='260'><subfield code='a'>Baton Rouge :</subfield><subfield code='b'>Louisiana State University Press,</subfield><subfield code='c'>1998.</subfield></datafield><datafield ind1=' ' ind2=' ' tag='300'><subfield code='a'>xiii, 233 pages :</subfield><subfield code='b'>illustrations ;</subfield><subfield code='c'>23 cm</subfield></datafield><datafield ind1=' ' ind2=' ' tag='336'><subfield code='a'>text</subfield><subfield code='b'>txt</subfield><subfield code='2'>rdacontent</subfield></datafield><datafield ind1=' ' ind2=' ' tag='337'><subfield code='a'>unmediated</subfield><subfield code='b'>n</subfield><subfield code='2'>rdamedia</subfield></datafield><datafield ind1=' ' ind2=' ' tag='500'><subfield code='a'>Poems of Fred Chappell, Kelly Cherry, R.H.W. Dillard, Brendan Galvin, George Garrett, David R. Slavitt, and Henry Taylor.</subfield></datafield><datafield ind1='0' ind2='0' tag='505'><subfield code='t'>The Garden --</subfield><subfield code='t'>The Fields --</subfield><subfield code='t'>Grace before Meat --</subfield><subfield code='t'>Another --</subfield><subfield code='t'>How the Job Gets Done --</subfield><subfield code='t'>In the Garden --</subfield><subfield code='t'>I Love You --</subfield><subfield code='t'>Transmogrification of the Diva --</subfield><subfield code='t'>Dipperful --</subfield><subfield code='t'>The Reader --</subfield><subfield code='t'>My Grandmother Washes Her Feet --</subfield><subfield code='t'>Third Base Coach --</subfield><subfield code='t'>Strike Zone --</subfield><subfield code='t'>Some of It --</subfield><subfield code='t'>Narcissus and Echo --</subfield><subfield code='t'>The Story --</subfield><subfield code='t'>Upon an Amorous Old Couple --</subfield><subfield code='t'>Wedding Anniversary --</subfield><subfield code='t'>The Epigrammatist --</subfield><subfield code='t'>The Ubi Sunt Lament of the Beldame Hen --</subfield><subfield code='t'>Humility --</subfield><subfield code='t'>Forever Mountain --</subfield><subfield code='t'>My Grandmother Washes Her Vessels --</subfield><subfield code='t'>Hallowind /</subfield><subfield code='r'>Fred Chappell --</subfield><subfield code='t'>After Catullus I --</subfield><subfield code='t'>A Bird&apos;s-Eye View of Einstein --</subfield><subfield code='t'>Ithaca --</subfield><subfield code='t'>History --</subfield><subfield code='t'>Lines Written on the Eve of a Birthday --</subfield><subfield code='t'>Memory --</subfield><subfield code='t'>A Song --</subfield><subfield code='t'>Blue Air --</subfield><subfield code='t'>Reading, Dreaming, Hiding --</subfield><subfield code='t'>Late Afternoon at the Arboretum --</subfield><subfield code='t'>And There Is Freedom of a Kind Even in Mere Magnitude --</subfield><subfield code='t'>Grammaire Generale: A Review --</subfield><subfield code='t'>The Pines Without Peer --</subfield><subfield code='t'>I Will Cut Out My Heart --</subfield><subfield code='t'>Lady Macbeth on the Psych Ward --</subfield><subfield code='t'>Adult Ed. 101: Basic Home Repair for Single Women --</subfield><subfield code='t'>She Remembers the Tears --</subfield></datafield><datafield ind1='8' ind2='0' tag='505'><subfield code='t'>A Scientific Expedition in Siberia, 1913 --</subfield><subfield code='t'>The Rose --</subfield><subfield code='t'>After Catullus 85 --</subfield><subfield code='t'>Love --</subfield><subfield code='t'>Work --</subfield><subfield code='t'>Golgotha --</subfield><subfield code='t'>And Then /</subfield><subfield code='r'>Kelly Cherry --</subfield><subfield code='t'>Why Were the Bandit&apos;s Eyes Hidden behind a Green Mask? --</subfield><subfield code='t'>On Mynydd Hiraethog: Afternoon --</subfield><subfield code='t'>Meditation for a Pickle Suite --</subfield><subfield code='t'>Construction --</subfield><subfield code='t'>March Again --</subfield><subfield code='t'>Gettysburg --</subfield><subfield code='t'>Talking to Trees --</subfield><subfield code='t'>What to Do (When You Want to Say So Much and You Do Not Know How) --</subfield><subfield code='t'>The Greeting --</subfield><subfield code='t'>21. Montage: His Prayer (from January: A Screenplay) --</subfield><subfield code='t'>Tips for a Traveller --</subfield><subfield code='t'>A Dream of Uncles --</subfield><subfield code='t'>Autumn Letter to London --</subfield><subfield code='t'>Winter Letter to Bluefield --</subfield><subfield code='t'>Spring Letter to Paradise --</subfield><subfield code='t'>Listening to the Edges /</subfield><subfield code='r'>R. H. W. Dillard --</subfield><subfield code='t'>Pondycherry --</subfield><subfield code='t'>Skylights --</subfield><subfield code='t'>For a Daughter Gone Away --</subfield><subfield code='t'>Some Entertainments Sent with a Gift Snuffbox Carved from an Alligator&apos;s Tooth, 1703 --</subfield><subfield code='t'>My Frost Dream --</subfield><subfield code='t'>The Portuguese Uncle --</subfield><subfield code='t'>Captain Teabag and the Wellfleet Witches --</subfield><subfield code='t'>At Ellen Doyle&apos;s Brook --</subfield><subfield code='t'>Pelican --</subfield><subfield code='t'>Corncrake --</subfield><subfield code='t'>Saint Brendan&apos;s Psalm (from Saints in Their Ox-Hide Boat) --</subfield></datafield><datafield ind1='8' ind2='0' tag='505'><subfield code='t'>Nimblejacks --</subfield><subfield code='t'>Getting Through --</subfield><subfield code='t'>Snakebit, 1752 --</subfield><subfield code='t'>Under My Stornoway Hat --</subfield><subfield code='t'>The Maiden Uncles --</subfield><subfield code='t'>An American Naturalist Writes to a Londoner, 1758 --</subfield><subfield code='t'>Walter Anderson Sleeping on the Levee --</subfield><subfield code='t'>Letter Accompanying the Specimen of an Amazing Bird, 1763 --</subfield><subfield code='t'>A Cold Bell Ringing in the East /</subfield><subfield code='r'>Brendan Galvin --</subfield><subfield code='t'>Luck&apos;s Shining Child --</subfield><subfield code='t'>Abraham&apos;s Knife --</subfield><subfield code='t'>Revival --</subfield><subfield code='t'>Solitaire --</subfield><subfield code='t'>For a Bitter Season --</subfield><subfield code='t'>Italian Lesson (from &quot;Some Snapshots&quot;) --</subfield><subfield code='t'>Crows at Paestum --</subfield><subfield code='t'>Egyptian Gold --</subfield><subfield code='t'>Buzzard --</subfield><subfield code='t'>For Tiresias (from &quot;Eight Lyrics&quot;) --</subfield><subfield code='t'>Or Death and December --</subfield><subfield code='t'>Romantic --</subfield><subfield code='t'>Fat Man --</subfield><subfield code='t'>Envoy --</subfield><subfield code='t'>An Epigram by Martial (from &quot;Three More Short Ones&quot;) --</subfield><subfield code='t'>Manifesto --</subfield><subfield code='t'>Wonderful Pen: A Snapshot --</subfield><subfield code='t'>Little Movie without a Middle --</subfield><subfield code='t'>To a Certain Critic (from &quot;Flashcards&quot;) --</subfield><subfield code='t'>Two Elegies --</subfield><subfield code='t'>March 1994 --</subfield><subfield code='t'>Figure of Speech --</subfield><subfield code='t'>A Latin Epigram by Thomas More --</subfield><subfield code='t'>Some Enormous Surprises --</subfield><subfield code='t'>Anthologies I (Then and There) --</subfield><subfield code='t'>Anthologies II (Here and Now) /</subfield><subfield code='r'>George Garrett --</subfield><subfield code='t'>Ride the High Country --</subfield></datafield><datafield ind1='8' ind2='0' tag='505'><subfield code='t'>Epitaph for Goliath --</subfield><subfield code='t'>Elegy for Walter Stone --</subfield><subfield code='t'>Sestina for the Last Week of March --</subfield><subfield code='t'>Le Babouinisme --</subfield><subfield code='t'>Night Creatures --</subfield><subfield code='t'>Nursery Rime --</subfield><subfield code='t'>The Death of Mozart --</subfield><subfield code='t'>Homage to Luigi Boccherini --</subfield><subfield code='t'>The Calf and the Ox --</subfield><subfield code='t'>Numbers 52, 83, and 142 (from Dozens) --</subfield><subfield code='t'>The Elm --</subfield><subfield code='t'>Titanic --</subfield><subfield code='t'>Bloody Murder --</subfield><subfield code='t'>Plodders --</subfield><subfield code='t'>Forio --</subfield><subfield code='t'>History of My Ear --</subfield><subfield code='t'>Crossroads --</subfield><subfield code='t'>The Gig --</subfield><subfield code='t'>Assume a God (from A Gift: The Life of da Ponte) --</subfield><subfield code='t'>Psalm 34 --</subfield><subfield code='t'>Worry Beads (from &quot;Desk Set&quot;) --</subfield><subfield code='t'>The Second Murderer /</subfield><subfield code='r'>David R. Slavitt --</subfield><subfield code='t'>The Horse Show at Midnight --</subfield><subfield code='t'>Breakings --</subfield><subfield code='t'>An Afternoon of Pocket Billiards --</subfield><subfield code='t'>Buildings and Grounds --</subfield><subfield code='t'>De Gustibus Ain&apos;t What Dey Used to Be --</subfield><subfield code='t'>To Hear My Head Roar --</subfield><subfield code='t'>Riding a One-Eyed Horse --</subfield><subfield code='t'>Landscape with Tractor --</subfield><subfield code='t'>Taking to the Woods --</subfield><subfield code='t'>Airing Linen --</subfield><subfield code='t'>Barbed Wire --</subfield><subfield code='t'>The Flying Change --</subfield><subfield code='t'>Hawk --</subfield><subfield code='t'>At the Swings --</subfield><subfield code='t'>A Grace --</subfield><subfield code='t'>Flying over Peoria --</subfield><subfield code='t'>Understanding Fiction --</subfield><subfield code='t'>A Voltage Spike --</subfield><subfield code='t'>After a Movie --</subfield><subfield code='t'>Night Search for Lost Dog --</subfield><subfield code='t'>Afternoons with a Boomerang.</subfield></datafield><datafield ind1=' ' ind2=' ' tag='520'><subfield code='a'>A New Pleiade is a celebration of close literary friendships among seven eminent American poets: Fred Chappell, Kelly Cherry, R. H. W. Dillard, Brendan Galvin, George Garrett, David R. Slavitt, and Henry Taylor. The affection, fun, and mutual respect of this happy association of poets have resulted in this anthology, in which the selection from the work of each was made by the contributor whose name precedes his or hers alphabetically.</subfield></datafield><datafield ind1='8' ind2=' ' tag='520'><subfield code='a'>The bucolic musings of Fred Chappell greet the reader, followed by the searching, graceful reflections of Kelly Cherry, the unconventional observations of R. H. W. Dillard, and the eccentric creations of Brendan Galvin, George Garrett&apos;s precise, shining insights precede David R. Slavitt&apos;s erudite, witty contemplations, and Henry Taylor brings us full circle, back to a pastoral world reminiscent of Chappell&apos;s rural samplings.</subfield></datafield><datafield ind1=' ' ind2='0' tag='650'><subfield code='a'>American poetry</subfield><subfield code='y'>20th century.</subfield><subfield code='0'>http://id.loc.gov/authorities/subjects/sh85004387</subfield></datafield><datafield ind1='1' ind2=' ' tag='700'><subfield code='a'>Chappell, Fred,</subfield><subfield code='d'>1936-</subfield><subfield code='0'>http://id.loc.gov/authorities/names/n79041865</subfield></datafield><datafield ind1='0' ind2='0' tag='852'><subfield code='h'>PS615 .S387 1998</subfield><subfield code='0'>3664752</subfield><subfield code='b'>scsbcul</subfield></datafield><datafield ind1=' ' ind2=' ' tag='876'><subfield code='0'>3664752</subfield><subfield code='a'>5450958</subfield><subfield code='h'> </subfield><subfield code='j'>Available</subfield><subfield code='p'>CU71570616</subfield><subfield code='t'>1</subfield><subfield code='x'>Shared</subfield><subfield code='z'>CU</subfield><subfield code='l'>RECAP</subfield></datafield></record>