
<record><leader>08499cam a2200565 i 4500</leader><controlfield tag='001'>SCSB-11484444</controlfield><controlfield tag='005'>20260324140915.0</controlfield><controlfield tag='008'>030228t20032003nyua          001 0 eng  </controlfield><controlfield tag='009'>990094504840203941</controlfield><datafield ind1=' ' ind2=' ' tag='010'><subfield code='a'>  2003044901</subfield></datafield><datafield ind1=' ' ind2=' ' tag='015'><subfield code='a'>GBA3V7406</subfield><subfield code='2'>bnb</subfield></datafield><datafield ind1='7' ind2=' ' tag='016'><subfield code='a'>006890641</subfield><subfield code='2'>Uk</subfield></datafield><datafield ind1=' ' ind2=' ' tag='020'><subfield code='a'>1584792892</subfield><subfield code='q'>hardcover</subfield></datafield><datafield ind1=' ' ind2=' ' tag='020'><subfield code='a'>9781584792895</subfield><subfield code='q'>hardcover</subfield></datafield><datafield ind1=' ' ind2=' ' tag='035'><subfield code='a'>(OCoLC)51810942</subfield></datafield><datafield ind1=' ' ind2=' ' tag='040'><subfield code='a'>DLC</subfield><subfield code='b'>eng</subfield><subfield code='e'>rda</subfield><subfield code='c'>DLC</subfield><subfield code='d'>IG#</subfield><subfield code='d'>UKM</subfield><subfield code='d'>JRS</subfield><subfield code='d'>BAKER</subfield><subfield code='d'>BTCTA</subfield><subfield code='d'>YDXCP</subfield><subfield code='d'>AU@</subfield><subfield code='d'>DEBBG</subfield><subfield code='d'>UKMGB</subfield><subfield code='d'>NYHRD</subfield><subfield code='d'>OCLCF</subfield><subfield code='d'>OCLCQ</subfield><subfield code='d'>BRL</subfield><subfield code='d'>PAU</subfield><subfield code='d'>OCLCO</subfield><subfield code='d'>CUV</subfield><subfield code='d'>OCL</subfield><subfield code='d'>OCLCO</subfield><subfield code='d'>OCLCQ</subfield><subfield code='d'>OCLCL</subfield><subfield code='d'>OCLCA</subfield><subfield code='d'>HUL</subfield></datafield><datafield ind1=' ' ind2=' ' tag='042'><subfield code='a'>pcc</subfield></datafield><datafield ind1='0' ind2='0' tag='050'><subfield code='a'>TX715</subfield><subfield code='b'>.H733 2003</subfield></datafield><datafield ind1=' ' ind2='4' tag='050'><subfield code='a'>TX715.2.A47</subfield><subfield code='b'>H655 2003</subfield></datafield><datafield ind1='0' ind2='0' tag='082'><subfield code='a'>641.59/296073</subfield><subfield code='2'>21</subfield><subfield code='1'>https://id.oclc.org/worldcat/ddc/E3Mbj79T3f7RJfcB3QtmrkPJGX</subfield></datafield><datafield ind1=' ' ind2=' ' tag='084'><subfield code='a'>ZE 7783</subfield><subfield code='2'>rvk</subfield></datafield><datafield ind1=' ' ind2=' ' tag='096'><subfield code='a'>641.5929 H737n</subfield></datafield><datafield ind1='1' ind2=' ' tag='100'><subfield code='a'>Holland, Tanya,</subfield><subfield code='e'>author.</subfield></datafield><datafield ind1='1' ind2='0' tag='245'><subfield code='a'>New soul cooking :</subfield><subfield code='b'>updating a cuisine rich in flavor and tradition /</subfield><subfield code='c'>Tanya Holland ; photographs by Ellen Silverman.</subfield></datafield><datafield ind1=' ' ind2='1' tag='264'><subfield code='a'>New York :</subfield><subfield code='b'>Stewart, Tabori &amp; Chang,</subfield><subfield code='c'>[2003]</subfield></datafield><datafield ind1=' ' ind2='4' tag='264'><subfield code='c'>©2003</subfield></datafield><datafield ind1=' ' ind2=' ' tag='300'><subfield code='a'>159 pages :</subfield><subfield code='b'>color illustrations ;</subfield><subfield code='c'>24 cm</subfield></datafield><datafield ind1=' ' ind2=' ' tag='336'><subfield code='a'>text</subfield><subfield code='b'>txt</subfield><subfield code='2'>rdacontent</subfield></datafield><datafield ind1=' ' ind2=' ' tag='337'><subfield code='a'>unmediated</subfield><subfield code='b'>n</subfield><subfield code='2'>rdamedia</subfield></datafield><datafield ind1=' ' ind2=' ' tag='338'><subfield code='a'>volume</subfield><subfield code='b'>nc</subfield><subfield code='2'>rdacarrier</subfield></datafield><datafield ind1=' ' ind2=' ' tag='500'><subfield code='a'>Includes index.</subfield></datafield><datafield ind1='0' ind2=' ' tag='505'><subfield code='a'>Introduction -- The New Soul Pantry -- The Recipes. Appetizers, First Courses, Starters, Small Plates, Soups, Salads. Gingered yellow sweet potato soup ; Black-eyed pea and country ham chowder ; Baby spinach salad with lardons, Vidalia onions, apple dressing, and blue cheese croutons ; Pickled vegetable salad with crumbled goat cheese and peppercress ; Wilted watercress salad with sesame-ginger vinaigrette and oranges ; Virginia ham, Vidalia onion, and asiago tart ; Spiced molasses duck breast salad with figs, pecans, and bitter greens ; Jerked prawns ; Poached salmon-and-potato cakes ; Sweet potato blinis with bourbon-cured salmon and caviar ; Piri piri grilled shrimp with mango dipping sauce ; Island-spiced braised beef short ribs ; Cornmeal-coated fried oysters ; Pepperpot shrimp cakes ; Brown sugar and pineapple-glazed spare ribs ; Trinidadian beef pastelles in banana leaves -- Entrées, Main Courses, Big Plates, Dinner. Filé-crusted scallops with tomato and okra ragoût ; Steamed lobster in gumbo z&apos;herbes sauce ; Creole marinated striped bass ; North African spiced salmon ; Benne-crusted mahi mahi with gingered cucumber relish ; Pan-roasted halibut with roasted beet tapenade ; Black cod in crab boil broth ; Blackened tilapia ; Cornmeal-battered trout ; Molasses-barbecued chicken ; Yassa chicken with carrots and leeks ; Pecan-crusted boneless chicken breasts with roasted garlic gravy ; Brazilian-spiced oven-roasted chicken ; Groundnut, chicken, and cabbage stew ; Mustard barbecued Cornish game hens ; Buttermilk and sage-soaked turkey breast ; Hot pepper and citrus-rubbed skirt steak ; Lamb chops with brandied peach chutney ; Hickory and maple-glazed pork tenderloin with apple cider sauce ; Jamaican curried oxtail ; Cornmeal crêpes with okra ratatouille ; Hominy, mushroom, and butternut squash stew ; Seasonal squash jambalaya ; Vegetable and red bean gumbo ; African peanut and root vegetable stew -- Sides ... Sides ... Sides. Peppered gruyère baked grits ; Vegetable dirty rice ; Corn and green onion fritters with roasted garlic and parsley dipping sauce ; Basmati rice and three-pea pilaf ; Yam rösti ; Haricots verts and Vidalia onion sauté ; Okra tempura ; Sweet potato salad ; Fig, pecan, and sausage cornbread stuffing ; Sweet corn pudding soufflé ; Yucca gratin ; Steamed collard greens with red onions and smoked turkey ; Sweet and sour mustard greens ; Spinach spoonbread ; Green cabbage and green onion slaw ; Chopped dandelion greens with red pepper, hazelnuts, garlic chips, and warm sherry vinegar dressing ; Yukon gold potato hash with bacon and bell peppers ; Fingerling potato salad -- Baked Goods, Desserts, Sweets, Biscuits. Watermelon sorbet with brown sugar tuiles ; Banana pudding napoleon ; Chocolate pound cake with orange-pomegranate custard sauce ; Chocolate bourbon cherry pecan squares ; Raspberry grit parfaits ; Gingerbread crêpes with caramelized apples and rum hard sauce ; Sweet potato cheesecake with candied pecans ; Mango tart tatin with Spice Island ice cream ; Lemon chess tartlettes ; Benne crescent wafers with spiced Georgia peach sorbet ; Pecan pain perdu ; Confetti cornbread ; Sweet potato and sage madeleines ; Buckwheat and chive griddle cakes ; Buttermilk biscuits ; Homemade yeast rolls ; Pecan shortbread -- Condiments, Relishes, Dressings, Vinaigrettes, Sauces, Rubs. Creole vinaigrette ; Green buttermilk dressing ; Dry Jamaican jerk spices ; New Soul hot red-pepper sauce ; Curried pear butter ; Spicy rémoulade ; Roasted tomato mayonnaise ; Piccalilli julienne ; Tropical salsa ; Roasted corn relish ; Jícama-papaya slaw ; Green chile harissa sauce ; Pecan, herb, and spinach pesto ; West African peanut sauce -- Suggested reading -- Metric conversion charts -- Index -- Acknowledgments.</subfield></datafield><datafield ind1=' ' ind2=' ' tag='520'><subfield code='a'>A collection of recipes for dishes inspired by the cuisine of the Caribbean, Brazil, and the American South.</subfield></datafield><datafield ind1=' ' ind2=' ' tag='520'><subfield code='a'>&quot;Soul food embodies the best of American cooking -- it&apos;s tasty, homegrown, and redolent of the country&apos;s multiethnic history. In &apos;New Soul Cooking&apos;, the Food Network&apos;s Tanya Holland redefines this much-loved cuisine, introducing fresh and healthy ingredients, modern cooking styles, and global flavors. From Africa to the Caribbean, Brazil, and the American South, Holland shows how African flavors fused with existing cooking traditions created the basis for soul food. She combines this now traditional style with fresh flavor combinations and cooking techniques, to create soul food cooking for a new generation of home cooks and chefs. The 95 delicious creations --- from Black-eyed Pea and Country Ham Chowder to Pecan-Crusted Boneless Chicken Breasts and Confetti Cornbread -- reinvigorate the concept of soul food. Luscious color photographs of many of these dishes introduce new presentation ideas, reinforcing Holland&apos;s belief that a color palette is as important as a wonderful flavor palate.&quot;--taken from front cover jacket flap.</subfield></datafield><datafield ind1=' ' ind2=' ' tag='520'><subfield code='a'>&quot;&apos;Soul food&apos; is a term that was coined in the 1960s and refers to the foods common in African-American communities that connect people to their shared roots. This cuisine combines the staples that were used by many generations of cooks in the South of the United States, whose ancestors brought exotic ingredients from Africa to the New World, and the ingredients indigenous to America. New Soul cooking is my interpretation of soul food. The flavors of the American South, Africa, and Brazil are the basis of New Soul cooking. This book also incorporates influences from the Caribbean Islands of Jamaica, Guadeloupe, Trinidad, Haiti, and other smaller islands where many people are descendants of the Africans transported during the transatlantic slave trade from the 1520s to the 1860s. New Soul cooking uses the traditional ingredients associated with soul food, such as black-eyed peas, okra, and sweet potatoes, with the addition of other ingredients, such as pomegranate molasses and rice-wine vinegar, to create a global cuisine. I prefer to cook with seasonal and fresh ingredients, while applying both classic and modern cooking techniques. My culinary training in France, where many cooks and restaurants prepare foods from their own gardens, as well as a personal reflection on the more health-conscious way we eat today influenced much of my interpretation. Here you will find recipes with bold flavors, but little or none of the animal-fat content found in traditional soul food.&quot;--adapted from Introduction, pages 9-10.</subfield></datafield><datafield ind1=' ' ind2='0' tag='650'><subfield code='a'>African American cooking.</subfield></datafield><datafield ind1=' ' ind2='6' tag='650'><subfield code='a'>Cuisine noire américaine.</subfield></datafield><datafield ind1=' ' ind2='7' tag='650'><subfield code='a'>African American cooking</subfield><subfield code='2'>fast</subfield></datafield><datafield ind1=' ' ind2='7' tag='650'><subfield code='a'>Kochen</subfield><subfield code='2'>gnd</subfield></datafield><datafield ind1=' ' ind2='7' tag='651'><subfield code='a'>Schwärze</subfield><subfield code='2'>gnd</subfield></datafield><datafield ind1=' ' ind2='7' tag='651'><subfield code='a'>USA</subfield><subfield code='2'>gnd</subfield></datafield><datafield ind1=' ' ind2='7' tag='655'><subfield code='a'>cookbooks.</subfield><subfield code='2'>aat</subfield></datafield><datafield ind1=' ' ind2='7' tag='655'><subfield code='a'>Cookbooks</subfield><subfield code='2'>fast</subfield></datafield><datafield ind1=' ' ind2='7' tag='655'><subfield code='a'>Cookbooks.</subfield><subfield code='2'>lcgft</subfield></datafield><datafield ind1=' ' ind2='7' tag='655'><subfield code='a'>Livres de cuisine.</subfield><subfield code='2'>rvmgf</subfield></datafield><datafield ind1=' ' ind2='7' tag='655'><subfield code='a'>Kochbuch.</subfield><subfield code='2'>swd</subfield></datafield><datafield ind1='1' ind2=' ' tag='700'><subfield code='a'>Silverman, Ellen,</subfield><subfield code='e'>photographer (expression)</subfield></datafield><datafield ind1='1' ind2=' ' tag='700'><subfield code='a'>Coates, Rosalyn</subfield><subfield code='e'>former owner.</subfield><subfield code='5'>sch</subfield></datafield><datafield ind1='1' ind2=' ' tag='700'><subfield code='a'>Coates, W. Paul,</subfield><subfield code='d'>1946-</subfield><subfield code='e'>former owner.</subfield><subfield code='5'>sch</subfield></datafield><datafield ind1='2' ind2=' ' tag='710'><subfield code='a'>Rosalyn &amp; W. Paul Coates Cookbook Collection.</subfield><subfield code='5'>sch</subfield></datafield><datafield ind1='1' ind2=' ' tag='583'><subfield code='a'>committed to retain</subfield><subfield code='c'>20181001</subfield><subfield code='d'>in perpetuity</subfield><subfield code='f'>ReCAP Shared Collection</subfield><subfield code='5'>HUL</subfield><subfield code='8'>222086468530003941</subfield></datafield><datafield ind1='0' ind2=' ' tag='852'><subfield code='c'>HD</subfield><subfield code='h'>TX715</subfield><subfield code='i'>.H733 2003</subfield><subfield code='0'>12294641</subfield><subfield code='b'>scsbhl</subfield></datafield><datafield ind1=' ' ind2=' ' tag='876'><subfield code='0'>12294641</subfield><subfield code='a'>18065717</subfield><subfield code='h'> </subfield><subfield code='j'>Available</subfield><subfield code='k'>WID</subfield><subfield code='p'>HXSC6E</subfield><subfield code='x'>Shared</subfield><subfield code='z'>HW</subfield><subfield code='l'>HD</subfield></datafield></record>