
<record><leader>00503nam a22001811  4500</leader><controlfield tag='001'>SCSB-11163720</controlfield><controlfield tag='005'>20020606090541.3</controlfield><controlfield tag='008'>730102s1957    maua          00000 eng  </controlfield><controlfield tag='009'>990014054640203941</controlfield><datafield ind1=' ' ind2=' ' tag='010'><subfield code='a'>^^^57007838^/L</subfield></datafield><datafield ind1=' ' ind2=' ' tag='035'><subfield code='a'>(OCoLC)171097</subfield><subfield code='z'>(OCoLC)270828314</subfield><subfield code='z'>(OCoLC)1029318022</subfield><subfield code='z'>(OCoLC)1029433832</subfield><subfield code='z'>(OCoLC)1079231573</subfield></datafield><datafield ind1=' ' ind2=' ' tag='040'><subfield code='a'>DLC</subfield><subfield code='c'>DLC</subfield></datafield><datafield ind1='0' ind2='0' tag='050'><subfield code='a'>PS3527.A637</subfield><subfield code='b'>Y6</subfield></datafield><datafield ind1='0' ind2='4' tag='050'><subfield code='a'>PN2287.D32</subfield><subfield code='b'>Z95978M</subfield></datafield><datafield ind1='1' ind2=' ' tag='100'><subfield code='a'>Nash, Ogden,</subfield><subfield code='d'>1902-1971</subfield></datafield><datafield ind1='1' ind2='0' tag='245'><subfield code='a'>You can&apos;t get there from here;</subfield><subfield code='b'>[poems]</subfield><subfield code='c'>Drawings by Maurice Sendak.</subfield></datafield><datafield ind1=' ' ind2=' ' tag='250'><subfield code='a'>[1st ed.]</subfield></datafield><datafield ind1=' ' ind2=' ' tag='260'><subfield code='a'>Boston,</subfield><subfield code='b'>Little, Brown</subfield><subfield code='c'>[1957]</subfield></datafield><datafield ind1=' ' ind2=' ' tag='300'><subfield code='a'>190 p.</subfield><subfield code='b'>illus.</subfield><subfield code='c'>20 cm.</subfield></datafield><datafield ind1=' ' ind2=' ' tag='340'><subfield code='m'>8vo.</subfield><subfield code='2'>rdabf</subfield></datafield><datafield ind1='0' ind2=' ' tag='505'><subfield code='a'>Anybody for money? or, just bring your own basket -- Birthday on the beach -- So I resigned from the chu chin chowder and marching club -- Nature-walks, or, not to mention a dopping of sheldrakes -- Ring out the old, ring in the new, but don&apos;t get caught in between -- Ms. found under a serviette in a lovely home -- Don&apos;t be cross, Amanda -- Oafishness sells good, like an advertisement should -- Sic Semper Mr. Sherman&apos;s temper, or, kindly place your order in English -- And how keen was the vision of Sir Launfal? -- The solitude of Mr. Powers -- A brief guide to rhyming, or, how be the little busy doth? -- Can I get you a glass of water? or, please close the glottis after you -- Chacun à son Berlitz -- I spy, or, the depravity of privacy -- The nymph and the shephard, or, she went that-a-way -- The emancipation of Mr. Poplin, or, skoal to the skimmerless.</subfield></datafield><datafield ind1='0' ind2=' ' tag='505'><subfield code='a'>The buses headed for Scranton -- Fee Fi Ho Hum, No wonder baby sucks her thumb -- An enthusiast is a devotee is a rooter, or, Mr. Hemingway, meet Mr. Stengel -- The education of Athelny Jones, or, are there more radios in hacks than hacks in radio? -- Go ahead, it will do you good, or, her eyes are bigger than his stomach -- Your lead, partner, I hope we&apos;ve read the same book -- The ring in Grandfather&apos;s nose -- Ho, Varlet! My two cents&apos; worth of penny postcard -- Good-by now, or, pardon my gauntlet -- It would have been quicker to walk, or, don&apos;t tell me we&apos;re there already -- Come on in, the senility is fine -- Exit, pursued by a bear -- And that&apos;s why I always take the Oakland Ferry to Beverly Hills -- All&apos;s brillig in Tin Pan Alley -- The literary scene -- Anybody else hate nickynames? -- The bargain -- The comic spirit, or, never say die, say kick the bucket.</subfield></datafield><datafield ind1='0' ind2=' ' tag='505'><subfield code='a'>The man on the shelf -- The birthday that never was: A February fantasy -- Detroit, spare that wheel -- Caesar knifed again, or, culture biz gets hep, boffs profs -- Do you plan to speak Bantu? or, abbreviation is the thief of sanity -- How to tell a kitchen from a cuisine: take a quick look at ours -- I can hardly wait for the sandman -- If fun is fun, isn&apos;t that enough? -- Mr. Burgess, meet Mr. Barmecide -- Mel Allen, Mel Allen, lend me your cliché -- The Greeks had a woid for it, so why speak English? -- The trouble with Shakespeare, you remember him -- Never mind the overcoat, button up that lip -- My my -- Me, I play the harp, it&apos;s just one syllable -- I can&apos;t have a martini, dear, but you take one, or, are you going to sit there guzzling all night? -- I always say there&apos;s no place like New York in the summer, or, that cottage small by a waterfall was snapped up last February.</subfield></datafield><datafield ind1='0' ind2=' ' tag='505'><subfield code='a'>Up from the Egg: the confessions of a nuthatch avoider -- I know exactly who dropped the overalls in Mrs. Murphy&apos;s chowder -- Attitudes toward gratitude from selections from early recollections -- Old is for books -- Period period -- If I had the wings of a heliocopter, or, Hall&apos;s mills that ends mills -- No woe is gossamer to Mr. Bessemer -- The invitation says from five to seven -- I&apos;ll eat my split-level turkey in the breezeway -- The self-effacement of Electra Thorne -- The snark was a boojum was a prawn -- There&apos;ll always be a war between the sexes, or, a woman can be sometimes pleased, but never satisfied -- Preface to the past -- The strange case of the lucrative compromise -- The strange case of the blight that failed, or, never underestimate the power of a great-aunt -- A tale of the thirteenth floor.</subfield></datafield><datafield ind1='0' ind2=' ' tag='505'><subfield code='a'>The strange case of Mr. Wood&apos;s frustration, or, a team that won&apos;t be beaten better stay off the field -- Table talk -- To ee is human -- That&apos;s funny, wasn&apos;t it? No, it won&apos;t be -- What&apos;s in a name? Here&apos;s what&apos;s in a name, or, I wonder what became of John and Mary -- Try it Suns. and Hols.; It&apos;s closed then -- Posies from a second childhood, or, hark how gaffer do chaffer -- How to harry a husband, or, is that accessory really necessary? -- Rapunzel, Rapunzel, let&apos;s let down our hair -- What, no sheep? -- What the well-read patient is talking about, or, look, Ma, what I got -- Who&apos;ll buy my lingual? or, you pronounce Pluie, Louie -- Who wants to travel all over Europe and see nothing but a lot of American tourists? I do -- Crossing the border.</subfield></datafield><datafield ind1=' ' ind2=' ' tag='520'><subfield code='a'>&quot;Ogden Nash scales the heights of hilarity with a few choice thoughts on parents, grandparents, nature lovers (or haters), eyesight, rhyming, the cough, privacy, buses, books, card games and taxis. Our Boy has a word for everything. In most cases it&apos;s the last one.&quot;--Kirkus Reviews</subfield></datafield><datafield ind1=' ' ind2='0' tag='650'><subfield code='a'>Humorous poetry, American</subfield></datafield><datafield ind1=' ' ind2='0' tag='650'><subfield code='a'>American wit and humor</subfield></datafield><datafield ind1=' ' ind2='0' tag='655'><subfield code='a'>Humorous poetry, American.</subfield></datafield><datafield ind1=' ' ind2='7' tag='655'><subfield code='a'>Poetry</subfield><subfield code='2'>fast</subfield><subfield code='0'>(OCoLC)fst01423828</subfield></datafield><datafield ind1=' ' ind2='7' tag='655'><subfield code='a'>Humorous poetry</subfield><subfield code='2'>fast</subfield><subfield code='0'>(OCoLC)fst01726647</subfield></datafield><datafield ind1=' ' ind2='7' tag='655'><subfield code='a'>Humorous poetry</subfield><subfield code='2'>lcgft</subfield></datafield><datafield ind1=' ' ind2='7' tag='655'><subfield code='a'>Poetry</subfield><subfield code='2'>lcgft</subfield></datafield><datafield ind1='1' ind2=' ' tag='700'><subfield code='a'>Sendak, Maurice</subfield><subfield code='e'>illustrator.</subfield></datafield><datafield ind1=' ' ind2=' ' tag='901'><subfield code='a'>2b71623d-c332-4f4c-be3c-e3e81940b74c</subfield><subfield code='b'>9</subfield><subfield code='c'>false</subfield></datafield><datafield ind1='8' ind2=' ' tag='852'><subfield code='c'>HD</subfield><subfield code='h'>812</subfield><subfield code='i'>N25</subfield><subfield code='i'>3Y</subfield><subfield code='0'>11964478</subfield><subfield code='b'>scsbhl</subfield></datafield><datafield ind1=' ' ind2=' ' tag='876'><subfield code='0'>11964478</subfield><subfield code='a'>17723327</subfield><subfield code='h'> </subfield><subfield code='j'>Available</subfield><subfield code='k'>WID</subfield><subfield code='p'>HXQ8Y5</subfield><subfield code='x'>Open</subfield><subfield code='z'>HW</subfield><subfield code='l'>HD</subfield></datafield></record>