
<record><leader>00000cam a22005058i 4500</leader><controlfield tag='001'>SCSB-11308276</controlfield><controlfield tag='005'>20160120145203.0</controlfield><controlfield tag='008'>150930s2015    mnua     b    001 0deng  </controlfield><controlfield tag='009'>990145809850203941</controlfield><datafield ind1=' ' ind2=' ' tag='010'><subfield code='a'>^^2015031890</subfield></datafield><datafield ind1=' ' ind2=' ' tag='020'><subfield code='a'>9780760348611</subfield><subfield code='q'>(hardback)</subfield></datafield><datafield ind1=' ' ind2=' ' tag='020'><subfield code='a'>0760348618</subfield><subfield code='q'>(hardback)</subfield></datafield><datafield ind1=' ' ind2=' ' tag='035'><subfield code='a'>(OCoLC)922836127</subfield><subfield code='z'>(OCoLC)907094558</subfield><subfield code='z'>(OCoLC)930775400</subfield><subfield code='z'>(OCoLC)936357372</subfield><subfield code='z'>(OCoLC)1107085372</subfield><subfield code='z'>(OCoLC)1359062214</subfield><subfield code='z'>(OCoLC)1465712333</subfield></datafield><datafield ind1=' ' ind2=' ' tag='040'><subfield code='a'>DLC</subfield><subfield code='b'>eng</subfield><subfield code='e'>rda</subfield><subfield code='c'>DLC</subfield><subfield code='d'>OCLCO</subfield><subfield code='d'>BDX</subfield><subfield code='d'>OCLCF</subfield><subfield code='d'>SINLB</subfield><subfield code='d'>OCLCO</subfield><subfield code='d'>ON8</subfield><subfield code='d'>IH9</subfield></datafield><datafield ind1=' ' ind2=' ' tag='042'><subfield code='a'>pcc</subfield></datafield><datafield ind1='0' ind2='0' tag='050'><subfield code='a'>Z987</subfield><subfield code='b'>.B277 2015</subfield></datafield><datafield ind1='0' ind2='0' tag='082'><subfield code='a'>090.75</subfield><subfield code='2'>23</subfield></datafield><datafield ind1=' ' ind2=' ' tag='084'><subfield code='a'>ANT005000</subfield><subfield code='a'>ANT012000</subfield><subfield code='2'>bisacsh</subfield></datafield><datafield ind1='1' ind2=' ' tag='100'><subfield code='a'>Barry, Rebecca Rego,</subfield><subfield code='d'>1976-</subfield><subfield code='e'>author.</subfield></datafield><datafield ind1='1' ind2='0' tag='245'><subfield code='a'>Rare books uncovered :</subfield><subfield code='b'>true stories of fantastic finds in unlikely places /</subfield><subfield code='c'>Rebecca Rego Barry ; foreword by Nicholas A. Basbanes.</subfield></datafield><datafield ind1=' ' ind2='1' tag='264'><subfield code='a'>Minneapolis, MN :</subfield><subfield code='b'>Voyageur Press,</subfield><subfield code='c'>2015.</subfield></datafield><datafield ind1=' ' ind2=' ' tag='300'><subfield code='a'>248 pages :</subfield><subfield code='b'>color illustrations ;</subfield><subfield code='c'>24 cm</subfield></datafield><datafield ind1=' ' ind2=' ' tag='336'><subfield code='a'>text</subfield><subfield code='b'>txt</subfield><subfield code='2'>rdacontent</subfield></datafield><datafield ind1=' ' ind2=' ' tag='337'><subfield code='a'>unmediated</subfield><subfield code='b'>n</subfield><subfield code='2'>rdamedia</subfield></datafield><datafield ind1=' ' ind2=' ' tag='338'><subfield code='a'>volume</subfield><subfield code='b'>nc</subfield><subfield code='2'>rdacarrier</subfield></datafield><datafield ind1=' ' ind2=' ' tag='520'><subfield code='a'>&quot;Feed your inner bibliophile with this volume on unearthed rare and antiquarian books. Few collectors are as passionate or as dogged in the pursuit of their quarry as collectors of rare books. In Rare Books Uncovered, expert on rare and antiquarian books Rebecca Rego Barry recounts the stories of remarkable discoveries from the world of book collecting. Read about the family whose discovery in their attic of a copy of Action Comics No. 1--the first appearance of Superman--saved their home from foreclosure. Or the Salt Lake City bookseller who volunteered for a local fundraiser--and came across a 500-year-old copy of the Nuremberg Chronicle. Or the collector who, while browsing his local thrift shop, found a collectible copy of Calvary in China--inscribed by the author to the collector&apos;s grandfather. These tales and many others will entertain and inspire casual collectors and hardcore bibliomaniacs alike&quot;--</subfield><subfield code='c'>Provided by publisher.</subfield></datafield><datafield ind1=' ' ind2=' ' tag='520'><subfield code='a'>&quot;Discoveries of rare and collectible books are chronicled in stories from both casual and die-hard book collectors&quot;--</subfield><subfield code='c'>Provided by publisher.</subfield></datafield><datafield ind1=' ' ind2=' ' tag='504'><subfield code='a'>Includes bibliographical references (pages 241-242) and index.</subfield></datafield><datafield ind1='0' ind2='0' tag='505'><subfield code='t'>Prewar stockpile in Brussels --</subfield><subfield code='t'>Five-hundred-year-old book under the bed --</subfield><subfield code='t'>Philly Flea first edition find --</subfield><subfield code='t'>Revolutionary manuscript filed in the attic --</subfield><subfield code='t'>Tarzan in a trailer park --</subfield><subfield code='t'>Bargain borges --</subfield><subfield code='t'>Leather-bound beauty in a cowboy outpost --</subfield><subfield code='t'>Seeking Alice --</subfield><subfield code='t'>Superhero jackpot --</subfield><subfield code='t'>Scarce Scottish imprint hiding in the stacks --</subfield><subfield code='t'>Kerouac&apos;s hand-annotated bibliography, for $20 --</subfield><subfield code='t'>Dumpster emergency --</subfield><subfield code='t'>A French folio in a New England barn --</subfield><subfield code='t'>Better-than-technicolor Gone with the Wind --</subfield><subfield code='t'>Rummaging up a 1905 Lippincott&apos;s Gazetteer --</subfield><subfield code='t'>Eighteenth-century dictionary discovery --</subfield><subfield code='t'>Sendak&apos;s Seven Stories --</subfield><subfield code='t'>Swap meet yields JFK-signed book --</subfield><subfield code='t'>Recovery of a nineteenth-century senate ledgers --</subfield><subfield code='t'>Textbook turned lipstick blotter --</subfield><subfield code='t'>Frankenstein rises from the shadows --</subfield><subfield code='t'>Townsend document surfaces --</subfield><subfield code='t'>Where (and when) to seek hypermoderns --</subfield><subfield code='t'>Match made in Germany and England --</subfield><subfield code='t'>Astronomer&apos;s accidental acquisition --</subfield><subfield code='t'>Mendelssohn, for a song --</subfield><subfield code='t'>Family bible worth $350,000 --</subfield><subfield code='t'>Mark Twain stashed in a barrel --</subfield><subfield code='t'>Bard&apos;s book? Epic eBay buy --</subfield><subfield code='t'>Cobwebbled cellar tenders treasure --</subfield><subfield code='t'>Following the flag --</subfield><subfield code='t'>$1.50 declaration --</subfield><subfield code='t'>Curious case of a very overdue Harvard library book --</subfield><subfield code='t'>Cache of cards concealed --</subfield><subfield code='t'>Motherlode of mini books --</subfield><subfield code='t'>Garage sale jumpstarts a career --</subfield><subfield code='t'>1815 Arkansas deed retrieved in Oregon --</subfield><subfield code='t'>World War II comic uncovered --</subfield><subfield code='t'>Advice fom Texas: look high and look low --</subfield><subfield code='t'>Memoirs of a tattooist... under a fedora --</subfield><subfield code='t'>Homecoming from a tome mislaid since the English Civil War --</subfield><subfield code='t'>Sleeper: Marmaduke Sampson&apos;s Rationale of Crime --</subfield><subfield code='t'>Reclaiming abandoned African Americana --</subfield><subfield code='t'>Ex libris Vatican Library, in Oklahoma --</subfield><subfield code='t'>Box lot of the century --</subfield><subfield code='t'>Return to Sherwood Forest --</subfield><subfield code='t'>Thick &amp; thin --</subfield><subfield code='t'>Greetings from Salem --</subfield><subfield code='t'>Connection to Capote --</subfield><subfield code='t'>Doctor&apos;s diaries emerge --</subfield><subfield code='t'>Retro geography in Reno --</subfield><subfield code='t'>McMurty surveys the shelves.</subfield></datafield><datafield ind1=' ' ind2='0' tag='650'><subfield code='a'>Book collecting</subfield><subfield code='v'>Anecdotes.</subfield></datafield><datafield ind1=' ' ind2='0' tag='650'><subfield code='a'>Book collectors</subfield><subfield code='v'>Anecdotes.</subfield></datafield><datafield ind1=' ' ind2='0' tag='650'><subfield code='a'>Antiquarian booksellers</subfield><subfield code='v'>Anecdotes.</subfield></datafield><datafield ind1=' ' ind2='0' tag='650'><subfield code='a'>Rare books</subfield><subfield code='v'>Anecdotes.</subfield></datafield><datafield ind1=' ' ind2='7' tag='650'><subfield code='a'>ANTIQUES &amp; COLLECTIBLES / Books.</subfield><subfield code='2'>bisacsh</subfield></datafield><datafield ind1=' ' ind2='7' tag='650'><subfield code='a'>ANTIQUES &amp; COLLECTIBLES / Comics.</subfield><subfield code='2'>bisacsh</subfield></datafield><datafield ind1=' ' ind2='7' tag='650'><subfield code='a'>Antiquarian booksellers</subfield><subfield code='2'>fast</subfield></datafield><datafield ind1=' ' ind2='7' tag='650'><subfield code='a'>Book collecting</subfield><subfield code='2'>fast</subfield></datafield><datafield ind1=' ' ind2='7' tag='650'><subfield code='a'>Book collectors</subfield><subfield code='2'>fast</subfield></datafield><datafield ind1=' ' ind2='7' tag='650'><subfield code='a'>Rare books</subfield><subfield code='2'>fast</subfield></datafield><datafield ind1=' ' ind2='7' tag='655'><subfield code='a'>Anecdotes</subfield><subfield code='2'>fast</subfield></datafield><datafield ind1=' ' ind2='7' tag='655'><subfield code='a'>Anecdotes.</subfield><subfield code='2'>fast</subfield><subfield code='0'>(OCoLC)fst01423876</subfield></datafield><datafield ind1='1' ind2=' ' tag='700'><subfield code='a'>Basbanes, Nicholas A.,</subfield><subfield code='d'>1943-</subfield><subfield code='e'>author of foreword.</subfield></datafield><datafield ind1='1' ind2=' ' tag='583'><subfield code='a'>committed to retain</subfield><subfield code='c'>20181001</subfield><subfield code='d'>in perpetuity</subfield><subfield code='f'>ReCAP Shared Collection</subfield><subfield code='5'>HUL</subfield><subfield code='8'>222189863120003941</subfield></datafield><datafield ind1='0' ind2=' ' tag='852'><subfield code='c'>HD</subfield><subfield code='h'>Z987</subfield><subfield code='i'>.B277 2015</subfield><subfield code='0'>12113396</subfield><subfield code='b'>scsbhl</subfield></datafield><datafield ind1=' ' ind2=' ' tag='876'><subfield code='0'>12113396</subfield><subfield code='a'>17877893</subfield><subfield code='h'> </subfield><subfield code='j'>Available</subfield><subfield code='k'>WID</subfield><subfield code='p'>32044134984764</subfield><subfield code='x'>Shared</subfield><subfield code='z'>HW</subfield><subfield code='l'>HD</subfield></datafield></record>