
<record><leader>01401cam a2200385 a 4500</leader><controlfield tag='001'>SCSB-6704642</controlfield><controlfield tag='003'>OCoLC</controlfield><controlfield tag='005'>20060627120310.0</controlfield><controlfield tag='008'>970922s1998    nyua   j      000 0 eng  </controlfield><controlfield tag='009'>.b221747291</controlfield><datafield ind1=' ' ind2=' ' tag='010'><subfield code='a'>   97038463</subfield></datafield><datafield ind1=' ' ind2=' ' tag='020'><subfield code='a'>0803723091 (trade)</subfield></datafield><datafield ind1=' ' ind2=' ' tag='020'><subfield code='a'>0803723113 (lib. bdg.)</subfield></datafield><datafield ind1=' ' ind2=' ' tag='040'><subfield code='a'>DLC</subfield><subfield code='c'>DLC</subfield><subfield code='d'>UtOrBLW</subfield></datafield><datafield ind1='0' ind2='0' tag='050'><subfield code='a'>HV2477</subfield><subfield code='b'>.R363 1998</subfield></datafield><datafield ind1='0' ind2='0' tag='082'><subfield code='a'>419</subfield><subfield code='2'>21</subfield></datafield><datafield ind1=' ' ind2=' ' tag='091'><subfield code='p'>J</subfield><subfield code='a'>419</subfield><subfield code='c'>R</subfield></datafield><datafield ind1='1' ind2=' ' tag='100'><subfield code='a'>Rankin, Laura.</subfield></datafield><datafield ind1='1' ind2='4' tag='245'><subfield code='a'>The handmade counting book /</subfield><subfield code='c'>Laura Rankin.</subfield></datafield><datafield ind1=' ' ind2=' ' tag='260'><subfield code='a'>New York :</subfield><subfield code='b'>Dial Books,</subfield><subfield code='c'>c1998.</subfield></datafield><datafield ind1=' ' ind2=' ' tag='300'><subfield code='a'>[32] p. :</subfield><subfield code='b'>col. ill. ;</subfield><subfield code='c'>28 cm.</subfield></datafield><datafield ind1=' ' ind2=' ' tag='520'><subfield code='a'>Shows how to count from one to twenty and twenty-five, fifty, seventy-five, and one hundred using American Sign Language.</subfield></datafield><datafield ind1=' ' ind2='0' tag='650'><subfield code='a'>Finger spelling</subfield><subfield code='z'>United States.</subfield></datafield><datafield ind1=' ' ind2='0' tag='650'><subfield code='a'>Counting.</subfield></datafield><datafield ind1=' ' ind2='0' tag='650'><subfield code='a'>Sign language.</subfield></datafield><datafield ind1=' ' ind2=' ' tag='907'><subfield code='a'>.b177597835</subfield><subfield code='c'>m</subfield><subfield code='d'>a</subfield><subfield code='e'>-</subfield><subfield code='f'>eng</subfield><subfield code='g'>nyu</subfield><subfield code='h'>4</subfield><subfield code='i'>5</subfield></datafield><datafield ind1=' ' ind2=' ' tag='035'><subfield code='a'>(OCoLC)37792455</subfield></datafield><datafield ind1='8' ind2=' ' tag='852'><subfield code='h'>ReCAP .b177597835</subfield><subfield code='0'>6785977</subfield><subfield code='b'>scsbnypl</subfield></datafield><datafield ind1=' ' ind2=' ' tag='876'><subfield code='0'>6785977</subfield><subfield code='a'>10941655</subfield><subfield code='j'>Available</subfield><subfield code='p'>33333134064233</subfield><subfield code='t'>1</subfield><subfield code='x'>Shared</subfield><subfield code='z'>NH</subfield><subfield code='l'>RECAP</subfield></datafield></record>