
<record><leader>01314nam a2200349Ia 4500</leader><controlfield tag='001'>SCSB-12463617</controlfield><controlfield tag='005'>20150306183323.0</controlfield><controlfield tag='008'>750116s1898    enk           000 p eng d</controlfield><controlfield tag='009'>990035788090203941</controlfield><datafield ind1=' ' ind2=' ' tag='035'><subfield code='a'>(OCoLC)40731800</subfield><subfield code='z'>(OCoLC)1142745</subfield><subfield code='z'>(OCoLC)16092305</subfield><subfield code='z'>(OCoLC)852896094</subfield></datafield><datafield ind1=' ' ind2=' ' tag='040'><subfield code='a'>RRR</subfield><subfield code='c'>RRR</subfield><subfield code='d'>m/c</subfield><subfield code='d'>HHG</subfield></datafield><datafield ind1=' ' ind2='4' tag='050'><subfield code='a'>PR1105</subfield><subfield code='b'>.L5 no. 40183</subfield></datafield><datafield ind1=' ' ind2=' ' tag='090'><subfield code='a'>PR5818</subfield><subfield code='b'>.B18s 1898</subfield></datafield><datafield ind1=' ' ind2=' ' tag='090'><subfield code='a'>PR1105</subfield><subfield code='b'>.L5 no. 40183</subfield></datafield><datafield ind1='1' ind2=' ' tag='100'><subfield code='a'>Wilde, Oscar,</subfield><subfield code='d'>1854-1900</subfield></datafield><datafield ind1='1' ind2='4' tag='245'><subfield code='a'>The ballad of Reading Gaol /</subfield><subfield code='c'>by C. 3. 3.</subfield></datafield><datafield ind1=' ' ind2=' ' tag='260'><subfield code='a'>London :</subfield><subfield code='b'>Leonard Smithers,</subfield><subfield code='c'>1898.</subfield></datafield><datafield ind1=' ' ind2=' ' tag='300'><subfield code='a'>[4], 31 leaves ;</subfield><subfield code='c'>23 cm.</subfield></datafield><datafield ind1=' ' ind2=' ' tag='340'><subfield code='m'>8vo.</subfield><subfield code='2'>rdabf</subfield></datafield><datafield ind1=' ' ind2=' ' tag='500'><subfield code='a'>&quot;Of this edition eight hundred copies have been printed on handmade paper, and thirty copies on Japanese vellum&quot;--Verso of leaf [1] (1st count).</subfield></datafield><datafield ind1=' ' ind2=' ' tag='500'><subfield code='a'>&quot;Copyright January 1898&quot;--Verso of leaf [1] (1st count).</subfield></datafield><datafield ind1=' ' ind2=' ' tag='500'><subfield code='a'>First edition, printed at the Chiswick Press. Cf. Mason.</subfield></datafield><datafield ind1=' ' ind2=' ' tag='500'><subfield code='a'>Leaves printed on rectos only.</subfield></datafield><datafield ind1='4' ind2=' ' tag='510'><subfield code='a'>Mason, S. Bib. Wilde,</subfield><subfield code='c'>371</subfield></datafield><datafield ind1='4' ind2=' ' tag='510'><subfield code='a'>Mason,</subfield><subfield code='c'>374</subfield></datafield><datafield ind1='1' ind2='0' tag='600'><subfield code='a'>Einstein, Milton I. D.,</subfield><subfield code='e'>donor.</subfield></datafield><datafield ind1='2' ind2='0' tag='610'><subfield code='a'>1898,</subfield><subfield code='e'>printing date.</subfield></datafield><datafield ind1=' ' ind2='7' tag='655'><subfield code='a'>Authors&apos; inscriptions (Provenance)</subfield><subfield code='z'>Great Britain</subfield><subfield code='y'>19th century.</subfield><subfield code='2'>rbprov</subfield></datafield><datafield ind1=' ' ind2='0' tag='650'><subfield code='a'>Imprisonment</subfield><subfield code='v'>Poetry</subfield></datafield><datafield ind1=' ' ind2='0' tag='650'><subfield code='a'>Prisoners</subfield><subfield code='v'>Poetry.</subfield></datafield><datafield ind1=' ' ind2='0' tag='650'><subfield code='a'>Prisons</subfield><subfield code='v'>Poetry</subfield></datafield><datafield ind1='1' ind2=' ' tag='700'><subfield code='a'>Leverson, Ada,</subfield><subfield code='d'>1862-1933</subfield><subfield code='e'>former owner.</subfield><subfield code='5'>hou</subfield></datafield><datafield ind1='2' ind2=' ' tag='710'><subfield code='a'>Chiswick Press,</subfield><subfield code='e'>printer.</subfield></datafield><datafield ind1=' ' ind2=' ' tag='752'><subfield code='a'>England</subfield><subfield code='d'>London.</subfield></datafield><datafield ind1='0' ind2='8' tag='776'><subfield code='i'>Online version:</subfield><subfield code='a'>Wilde, Oscar, 1854-1900.</subfield><subfield code='t'>Ballad of Reading Gaol.</subfield><subfield code='b'>3rd ed.</subfield><subfield code='d'>London : Leonard Smithers, 1898</subfield><subfield code='w'>(OCoLC)903871449</subfield></datafield><datafield ind1='1' ind2=' ' tag='583'><subfield code='a'>committed to retain</subfield><subfield code='c'>20181001</subfield><subfield code='d'>in perpetuity</subfield><subfield code='f'>ReCAP Shared Collection</subfield><subfield code='5'>HUL</subfield><subfield code='8'>221885373880003941</subfield></datafield><datafield ind1='7' ind2=' ' tag='852'><subfield code='2'>ZHCL</subfield><subfield code='c'>HD</subfield><subfield code='h'>23493.35.3</subfield><subfield code='0'>13302262</subfield><subfield code='b'>scsbhl</subfield></datafield><datafield ind1=' ' ind2=' ' tag='876'><subfield code='0'>13302262</subfield><subfield code='a'>19112901</subfield><subfield code='h'> </subfield><subfield code='j'>Available</subfield><subfield code='k'>WID</subfield><subfield code='p'>32044079247953</subfield><subfield code='x'>Shared</subfield><subfield code='z'>HW</subfield><subfield code='l'>HD</subfield></datafield></record>