
<record><leader>04521nam a2200709Ia 4500</leader><controlfield tag='001'>SCSB-8200961</controlfield><controlfield tag='003'>OCoLC</controlfield><controlfield tag='005'>20000629185958.0</controlfield><controlfield tag='008'>950414s1895    enkac         000 1 eng d</controlfield><controlfield tag='009'>.b131216818</controlfield><datafield ind1=' ' ind2=' ' tag='040'><subfield code='a'>IBV</subfield><subfield code='c'>IBV</subfield><subfield code='d'>NYP</subfield><subfield code='d'>WaOLN</subfield></datafield><datafield ind1=' ' ind2=' ' tag='049'><subfield code='a'>NYPG</subfield></datafield><datafield ind1='1' ind2=' ' tag='100'><subfield code='a'>Smollett, T.</subfield><subfield code='q'>(Tobias),</subfield><subfield code='d'>1721-1771.</subfield></datafield><datafield ind1='1' ind2='4' tag='245'><subfield code='a'>The works of Tobias Smollett /</subfield><subfield code='c'>edited by George Saintsbury.</subfield></datafield><datafield ind1=' ' ind2=' ' tag='260'><subfield code='a'>London :</subfield><subfield code='b'>Gibbings ;</subfield><subfield code='a'>Philadelphia :</subfield><subfield code='b'>J.B. Lippincott,</subfield><subfield code='c'>1895.</subfield></datafield><datafield ind1=' ' ind2=' ' tag='300'><subfield code='a'>12 v. :</subfield><subfield code='b'>ill., port. ;</subfield><subfield code='c'>22 cm.</subfield></datafield><datafield ind1=' ' ind2=' ' tag='500'><subfield code='a'>Half title.</subfield></datafield><datafield ind1=' ' ind2=' ' tag='500'><subfield code='a'>Illustrations by Frank Richards.</subfield></datafield><datafield ind1=' ' ind2=' ' tag='500'><subfield code='a'>&quot;Of this edition on handmade paper two hundred and fifty copies are printed for England and America, of which this is number 96.&quot;--verso of half title page.</subfield></datafield><datafield ind1=' ' ind2=' ' tag='500'><subfield code='a'>Each volume has special illustrated t.p.</subfield></datafield><datafield ind1=' ' ind2=' ' tag='500'><subfield code='a'>Newberry&apos;s copy is &quot;126&quot;.</subfield><subfield code='5'>ICN</subfield></datafield><datafield ind1=' ' ind2=' ' tag='500'><subfield code='a'>Bonhill edition.</subfield></datafield><datafield ind1='0' ind2=' ' tag='505'><subfield code='a'>Vol. 1-3. Roderick Random -- v. 4-7. Peregrine Pickle -- v. 8-9. Ferdinand Count Fathom -- v. 10. Sir Launcelot Greaves -- v. 11-12. Humphry Clinker.</subfield></datafield><datafield ind1='1' ind2=' ' tag='590'><subfield code='a'>Collection of Reginald H.E. Starr.</subfield></datafield><datafield ind1=' ' ind2='0' tag='650'><subfield code='a'>English literature.</subfield></datafield><datafield ind1='1' ind2=' ' tag='700'><subfield code='a'>Saintsbury, George,</subfield><subfield code='d'>1845-1933.</subfield></datafield><datafield ind1='1' ind2=' ' tag='700'><subfield code='a'>Richards, Frank.</subfield><subfield code='4'>ill</subfield></datafield><datafield ind1=' ' ind2=' ' tag='907'><subfield code='a'>.b131216818</subfield><subfield code='c'>m</subfield><subfield code='d'>a</subfield><subfield code='e'>-</subfield><subfield code='f'>eng</subfield><subfield code='g'>enk</subfield><subfield code='h'>4</subfield><subfield code='i'>12</subfield></datafield><datafield ind1=' ' ind2=' ' tag='035'><subfield code='a'>(OCoLC)32305488</subfield></datafield><datafield ind1='8' ind2=' ' tag='852'><subfield code='h'>NCF (Smollett, T. G. Works. 1895)</subfield><subfield code='0'>8351347</subfield><subfield code='b'>scsbnypl</subfield></datafield><datafield ind1=' ' ind2=' ' tag='866'><subfield code='a'>v. 1 (Roderick Random 1), v. 2 (Roderick Random 2), v. 3 (Roderick Random 3), v. 4 (Peregrine Pickle 1), v. 5 (Peregrine Pickle 2), v. 6 (Perregrine Pickle 3), v. 7 (Peregrine Pickle 4), v. 8 (Count Fathom 1), v. 9 (Count Fathom 2), v. 10 (Sir Launcelot Greaves), v. 11 (Humphrey Clinker 1), v. 12 (Humphry Clinker 2)</subfield><subfield code='0'>8351347</subfield></datafield><datafield ind1=' ' ind2=' ' tag='876'><subfield code='0'>8351347</subfield><subfield code='3'>v. 1 (Roderick Random 1)</subfield><subfield code='a'>13711346</subfield><subfield code='h'>In Library Use</subfield><subfield code='j'>Available</subfield><subfield code='p'>33433082225552</subfield><subfield code='t'>1</subfield><subfield code='x'>Shared</subfield><subfield code='z'>NA</subfield><subfield code='l'>RECAP</subfield></datafield><datafield ind1=' ' ind2=' ' tag='876'><subfield code='0'>8351347</subfield><subfield code='3'>v. 2 (Roderick Random 2)</subfield><subfield code='a'>13711347</subfield><subfield code='h'>In Library Use</subfield><subfield code='j'>Available</subfield><subfield code='p'>33433082225560</subfield><subfield code='t'>1</subfield><subfield code='x'>Shared</subfield><subfield code='z'>NA</subfield><subfield code='l'>RECAP</subfield></datafield><datafield ind1=' ' ind2=' ' tag='876'><subfield code='0'>8351347</subfield><subfield code='3'>v. 3 (Roderick Random 3)</subfield><subfield code='a'>13711348</subfield><subfield code='h'>In Library Use</subfield><subfield code='j'>Available</subfield><subfield code='p'>33433082225578</subfield><subfield code='t'>1</subfield><subfield code='x'>Shared</subfield><subfield code='z'>NA</subfield><subfield code='l'>RECAP</subfield></datafield><datafield ind1=' ' ind2=' ' tag='876'><subfield code='0'>8351347</subfield><subfield code='3'>v. 4 (Peregrine Pickle 1)</subfield><subfield code='a'>13711349</subfield><subfield code='h'>In Library Use</subfield><subfield code='j'>Available</subfield><subfield code='p'>33433082225586</subfield><subfield code='t'>1</subfield><subfield code='x'>Shared</subfield><subfield code='z'>NA</subfield><subfield code='l'>RECAP</subfield></datafield><datafield ind1=' ' ind2=' ' tag='876'><subfield code='0'>8351347</subfield><subfield code='3'>v. 5 (Peregrine Pickle 2)</subfield><subfield code='a'>13711350</subfield><subfield code='h'>In Library Use</subfield><subfield code='j'>Available</subfield><subfield code='p'>33433082225594</subfield><subfield code='t'>1</subfield><subfield code='x'>Shared</subfield><subfield code='z'>NA</subfield><subfield code='l'>RECAP</subfield></datafield><datafield ind1=' ' ind2=' ' tag='876'><subfield code='0'>8351347</subfield><subfield code='3'>v. 6 (Perregrine Pickle 3)</subfield><subfield code='a'>13711351</subfield><subfield code='h'>In Library Use</subfield><subfield code='j'>Available</subfield><subfield code='p'>33433082225602</subfield><subfield code='t'>1</subfield><subfield code='x'>Shared</subfield><subfield code='z'>NA</subfield><subfield code='l'>RECAP</subfield></datafield><datafield ind1=' ' ind2=' ' tag='876'><subfield code='0'>8351347</subfield><subfield code='3'>v. 7 (Peregrine Pickle 4)</subfield><subfield code='a'>13711352</subfield><subfield code='h'>In Library Use</subfield><subfield code='j'>Available</subfield><subfield code='p'>33433082225610</subfield><subfield code='t'>1</subfield><subfield code='x'>Shared</subfield><subfield code='z'>NA</subfield><subfield code='l'>RECAP</subfield></datafield><datafield ind1=' ' ind2=' ' tag='876'><subfield code='0'>8351347</subfield><subfield code='3'>v. 8 (Count Fathom 1)</subfield><subfield code='a'>13711353</subfield><subfield code='h'>In Library Use</subfield><subfield code='j'>Available</subfield><subfield code='p'>33433082225628</subfield><subfield code='t'>1</subfield><subfield code='x'>Shared</subfield><subfield code='z'>NA</subfield><subfield code='l'>RECAP</subfield></datafield><datafield ind1=' ' ind2=' ' tag='876'><subfield code='0'>8351347</subfield><subfield code='3'>v. 9 (Count Fathom 2)</subfield><subfield code='a'>13711354</subfield><subfield code='h'>In Library Use</subfield><subfield code='j'>Available</subfield><subfield code='p'>33433082225636</subfield><subfield code='t'>1</subfield><subfield code='x'>Shared</subfield><subfield code='z'>NA</subfield><subfield code='l'>RECAP</subfield></datafield><datafield ind1=' ' ind2=' ' tag='876'><subfield code='0'>8351347</subfield><subfield code='3'>v. 10 (Sir Launcelot Greaves)</subfield><subfield code='a'>13711355</subfield><subfield code='h'>In Library Use</subfield><subfield code='j'>Available</subfield><subfield code='p'>33433082225644</subfield><subfield code='t'>1</subfield><subfield code='x'>Shared</subfield><subfield code='z'>NA</subfield><subfield code='l'>RECAP</subfield></datafield><datafield ind1=' ' ind2=' ' tag='876'><subfield code='0'>8351347</subfield><subfield code='3'>v. 11 (Humphrey Clinker 1)</subfield><subfield code='a'>13711356</subfield><subfield code='h'>In Library Use</subfield><subfield code='j'>Available</subfield><subfield code='p'>33433082225651</subfield><subfield code='t'>1</subfield><subfield code='x'>Shared</subfield><subfield code='z'>NA</subfield><subfield code='l'>RECAP</subfield></datafield><datafield ind1=' ' ind2=' ' tag='876'><subfield code='0'>8351347</subfield><subfield code='3'>v. 12 (Humphry Clinker 2)</subfield><subfield code='a'>13711357</subfield><subfield code='h'>In Library Use</subfield><subfield code='j'>Available</subfield><subfield code='p'>33433082227798</subfield><subfield code='t'>1</subfield><subfield code='x'>Shared</subfield><subfield code='z'>NA</subfield><subfield code='l'>RECAP</subfield></datafield></record>