
<record><leader>00908nam a2200229Ii 4500</leader><controlfield tag='001'>SCSB-11604366</controlfield><controlfield tag='005'>20020606163548.3</controlfield><controlfield tag='008'>801010s1930    enk           000 0 eng d</controlfield><controlfield tag='009'>990063496330203941</controlfield><datafield ind1=' ' ind2=' ' tag='035'><subfield code='a'>(OCoLC)6810221</subfield></datafield><datafield ind1=' ' ind2=' ' tag='040'><subfield code='a'>IXA</subfield><subfield code='c'>IXA</subfield><subfield code='d'>HLS</subfield></datafield><datafield ind1=' ' ind2='4' tag='050'><subfield code='a'>PR6066.O75</subfield><subfield code='b'>A32</subfield></datafield><datafield ind1=' ' ind2=' ' tag='090'><subfield code='a'>PR6066.O75</subfield><subfield code='b'>A32</subfield></datafield><datafield ind1='1' ind2=' ' tag='100'><subfield code='a'>Potocki de Montalk, Geoffrey,</subfield><subfield code='c'>Count</subfield></datafield><datafield ind1='1' ind2='0' tag='245'><subfield code='a'>Against Cresswell :</subfield><subfield code='b'>a lampoon /</subfield><subfield code='c'>by Count Geoffrey Potocki de Montalk.</subfield></datafield><datafield ind1='3' ind2=' ' tag='246'><subfield code='a'>Incidents in New Zealand history.</subfield></datafield><datafield ind1=' ' ind2=' ' tag='260'><subfield code='a'>[London] :</subfield><subfield code='b'>Maidment Press,</subfield><subfield code='c'>[1930]</subfield></datafield><datafield ind1=' ' ind2=' ' tag='300'><subfield code='a'>[8] p. ;</subfield><subfield code='c'>22 cm.</subfield></datafield><datafield ind1=' ' ind2=' ' tag='500'><subfield code='a'>Caption title: Incidents in New Zealand history. II. Against Cresswell.</subfield></datafield><datafield ind1=' ' ind2=' ' tag='500'><subfield code='a'>&quot;Forty copies of this poem ... printed on handmade paper and numbered 1 to 40 beside ten copies also on handmade paper and lettered from Z to Q, for sending to New Zealand.&quot;</subfield></datafield><datafield ind1='4' ind2=' ' tag='510'><subfield code='a'>Bagnall,</subfield><subfield code='c'>D250</subfield></datafield><datafield ind1=' ' ind2='0' tag='650'><subfield code='a'>Cresswell, D&apos;Arcy, in fiction, drama, poetry, etc.</subfield></datafield><datafield ind1=' ' ind2='0' tag='650'><subfield code='a'>Cresswell, D&apos;Arcy</subfield><subfield code='v'>Poetry</subfield></datafield><datafield ind1='1' ind2='0' tag='600'><subfield code='a'>Cresswell, Walter D&apos;Arcy,</subfield><subfield code='d'>1896-1960</subfield><subfield code='x'>Criticism and interpretation</subfield><subfield code='v'>Poetry.</subfield></datafield><datafield ind1='1' ind2='0' tag='600'><subfield code='a'>Cresswell, Walter D&apos;Arcy,</subfield><subfield code='d'>1896-1960</subfield><subfield code='x'>Criticism and interpretation</subfield><subfield code='v'>Humor.</subfield></datafield><datafield ind1=' ' ind2='0' tag='655'><subfield code='a'>New Zealand poetry</subfield><subfield code='y'>20th century.</subfield></datafield><datafield ind1='1' ind2=' ' tag='583'><subfield code='a'>committed to retain</subfield><subfield code='c'>20181001</subfield><subfield code='d'>in perpetuity</subfield><subfield code='f'>ReCAP Shared Collection</subfield><subfield code='5'>HUL</subfield><subfield code='8'>221990490490003941</subfield></datafield><datafield ind1='7' ind2=' ' tag='852'><subfield code='2'>ZHCL</subfield><subfield code='c'>HD</subfield><subfield code='h'>Oc 21708.87.110</subfield><subfield code='0'>12418138</subfield><subfield code='b'>scsbhl</subfield></datafield><datafield ind1=' ' ind2=' ' tag='876'><subfield code='0'>12418138</subfield><subfield code='a'>18194153</subfield><subfield code='h'> </subfield><subfield code='j'>Available</subfield><subfield code='k'>WID</subfield><subfield code='p'>HNNURM</subfield><subfield code='x'>Shared</subfield><subfield code='z'>HW</subfield><subfield code='l'>HD</subfield></datafield></record>