
<record><leader>01039cam a2200277 a 4500</leader><controlfield tag='001'>SCSB-3740221</controlfield><controlfield tag='003'>NNC</controlfield><controlfield tag='005'>20220616035439.0</controlfield><controlfield tag='008'>860130s1928    gw            000 0 ger d</controlfield><controlfield tag='009'>2393173</controlfield><datafield ind1=' ' ind2=' ' tag='035'><subfield code='a'>(OCoLC)ocm13081098</subfield></datafield><datafield ind1=' ' ind2=' ' tag='035'><subfield code='9'>APT2907CU</subfield></datafield><datafield ind1=' ' ind2=' ' tag='035'><subfield code='a'>2393173</subfield></datafield><datafield ind1=' ' ind2=' ' tag='040'><subfield code='a'>DRB</subfield><subfield code='c'>DRB</subfield><subfield code='d'>WEL</subfield><subfield code='d'>ZCU</subfield></datafield><datafield ind1=' ' ind2=' ' tag='099'><subfield code='a'>834H673</subfield><subfield code='a'>X311</subfield></datafield><datafield ind1='1' ind2=' ' tag='100'><subfield code='a'>Hofmannsthal, Hugo von,</subfield><subfield code='d'>1874-1929.</subfield><subfield code='0'>http://id.loc.gov/authorities/names/n79072867</subfield></datafield><datafield ind1='1' ind2='4' tag='245'><subfield code='a'>Der Tod des Tizian :</subfield><subfield code='b'>Bruchstück /</subfield><subfield code='c'>Hugo von Hofmannsthal.</subfield></datafield><datafield ind1=' ' ind2=' ' tag='260'><subfield code='a'>[Weimar] :</subfield><subfield code='b'>[Cranach Presse] ;</subfield><subfield code='a'>[Leipzig : Inselverlag],</subfield><subfield code='c'>[1928]</subfield></datafield><datafield ind1=' ' ind2=' ' tag='300'><subfield code='a'>18 pages ;</subfield><subfield code='c'>27 cm</subfield></datafield><datafield ind1=' ' ind2=' ' tag='336'><subfield code='a'>text</subfield><subfield code='b'>txt</subfield><subfield code='2'>rdacontent</subfield></datafield><datafield ind1=' ' ind2=' ' tag='337'><subfield code='a'>unmediated</subfield><subfield code='b'>n</subfield><subfield code='2'>rdamedia</subfield></datafield><datafield ind1=' ' ind2=' ' tag='500'><subfield code='a'>225 copies printed on handmade Maillol-Kessler paper; VI copies printed on vellum.</subfield></datafield><datafield ind1=' ' ind2=' ' tag='500'><subfield code='a'>Designed by Count Harry Kessler.</subfield></datafield><datafield ind1='1' ind2=' ' tag='700'><subfield code='a'>Kessler, Harry,</subfield><subfield code='c'>Graf,</subfield><subfield code='d'>1868-1937.</subfield><subfield code='0'>http://id.loc.gov/authorities/names/n50082861</subfield></datafield><datafield ind1='2' ind2=' ' tag='710'><subfield code='a'>Cranach Presse.</subfield><subfield code='0'>http://id.loc.gov/authorities/names/nr96028776</subfield></datafield><datafield ind1='8' ind2='0' tag='852'><subfield code='h'>834H673 X311</subfield><subfield code='0'>3750674</subfield><subfield code='b'>scsbcul</subfield></datafield><datafield ind1=' ' ind2=' ' tag='876'><subfield code='0'>3750674</subfield><subfield code='a'>5549868</subfield><subfield code='h'> </subfield><subfield code='j'>Available</subfield><subfield code='p'>CU50378856</subfield><subfield code='t'>1</subfield><subfield code='x'>Shared</subfield><subfield code='z'>CU</subfield><subfield code='l'>RECAP</subfield></datafield></record>