
<record><leader>02762cam a2200313Ia 4500</leader><controlfield tag='001'>SCSB-5208283</controlfield><controlfield tag='003'>NNC</controlfield><controlfield tag='005'>20221110040950.0</controlfield><controlfield tag='008'>050906s2005    wvua     b    000 0 eng d</controlfield><controlfield tag='009'>5454691</controlfield><datafield ind1=' ' ind2=' ' tag='010'><subfield code='a'>  2005920986</subfield></datafield><datafield ind1=' ' ind2=' ' tag='020'><subfield code='a'>0937058971 (alk.paper)</subfield></datafield><datafield ind1=' ' ind2=' ' tag='035'><subfield code='a'>(OCoLC)ocm61490628</subfield></datafield><datafield ind1=' ' ind2=' ' tag='035'><subfield code='a'>(NNC)5454691</subfield></datafield><datafield ind1=' ' ind2=' ' tag='035'><subfield code='a'>5454691</subfield></datafield><datafield ind1=' ' ind2=' ' tag='040'><subfield code='a'>COO</subfield><subfield code='c'>COO</subfield><subfield code='d'>PZZ</subfield><subfield code='d'>OrLoB-B</subfield></datafield><datafield ind1=' ' ind2=' ' tag='043'><subfield code='a'>n-us-va</subfield></datafield><datafield ind1='1' ind2='4' tag='050'><subfield code='a'>QH105.V8</subfield><subfield code='b'>M53 2005</subfield></datafield><datafield ind1='1' ind2=' ' tag='100'><subfield code='a'>Minick, Jim.</subfield></datafield><datafield ind1='1' ind2='0' tag='245'><subfield code='a'>Finding a clear path /</subfield><subfield code='c'>Jim Minick.</subfield></datafield><datafield ind1=' ' ind2=' ' tag='260'><subfield code='a'>Morgantown, W. Va. :</subfield><subfield code='b'>Vandalia Press,</subfield><subfield code='c'>2005.</subfield></datafield><datafield ind1=' ' ind2=' ' tag='300'><subfield code='a'>xvi, 277 pages :</subfield><subfield code='b'>illustrations ;</subfield><subfield code='c'>22 cm</subfield></datafield><datafield ind1=' ' ind2=' ' tag='336'><subfield code='a'>text</subfield><subfield code='b'>txt</subfield><subfield code='2'>rdacontent</subfield></datafield><datafield ind1=' ' ind2=' ' tag='337'><subfield code='a'>unmediated</subfield><subfield code='b'>n</subfield><subfield code='2'>rdamedia</subfield></datafield><datafield ind1=' ' ind2=' ' tag='504'><subfield code='a'>Includes bibliographical references.</subfield></datafield><datafield ind1='0' ind2='0' tag='505'><subfield code='t'>Finding a clear path --</subfield><subfield code='t'>Creases --</subfield><subfield code='t'>Walking in the world of language --</subfield><subfield code='t'>Naming what you love --</subfield><subfield code='t'>Seasons&apos; dance --</subfield><subfield code='t'>The river of spring --</subfield><subfield code='t'>Small, bright glows of spring --</subfield><subfield code='t'>Drive --</subfield><subfield code='t'>Cruel April --</subfield><subfield code='t'>Longevity --</subfield><subfield code='t'>Snake stories --</subfield><subfield code='t'>Springs, strong and sweet --</subfield><subfield code='t'>To pond --</subfield><subfield code='t'>The return of the beaver --</subfield><subfield code='t'>Sea turtles --</subfield><subfield code='t'>Nests --</subfield><subfield code='t'>Birding by car --</subfield><subfield code='t'>Vanishing birds --</subfield><subfield code='t'>Monarchs : flying poetry --</subfield><subfield code='t'>Mirrored intruder --</subfield><subfield code='t'>Terrifying beauty --</subfield><subfield code='t'>Counting birds at Christmas --</subfield><subfield code='t'>Homes for the holidays --</subfield><subfield code='t'>Miracle morels --</subfield><subfield code='t'>Have fungi, but be careful --</subfield><subfield code='t'>The bridge of antlers --</subfield><subfield code='t'>Growing ginseng --</subfield><subfield code='t'>A &quot;woods garden&quot; full of cohosh --</subfield><subfield code='t'>Wineberries - wild, red jewels --</subfield><subfield code='t'>In praise of pawpaws --</subfield><subfield code='t'>Food security, or do you know where that egg came from? --</subfield><subfield code='t'>Grow a patch of your own --</subfield><subfield code='t'>Some kind of habit --</subfield><subfield code='t'>How to get the good bugs in --</subfield><subfield code='t'>Summertime, winter work --</subfield><subfield code='t'>Gray buffalo --</subfield><subfield code='t'>Beans, bovines, and beetles --</subfield><subfield code='t'>Groundhogs --</subfield><subfield code='t'>Health, hunger, and hunting --</subfield><subfield code='t'>Footprint, or we all have big feet --</subfield><subfield code='t'>For the love of chicken --</subfield><subfield code='t'>The holy, lowly spud --</subfield><subfield code='t'>Claiming ground --</subfield><subfield code='t'>Corn mazes --</subfield><subfield code='t'>Cussed yellow jackets --</subfield><subfield code='t'>Shocked --</subfield><subfield code='t'>We create the world we eat : the benefits of organic food --</subfield><subfield code='t'>Beyond organic --</subfield><subfield code='t'>Star linked --</subfield><subfield code='t'>Not ready for roundup&apos;s results --</subfield><subfield code='t'>Zone --</subfield><subfield code='t'>The trouble with &quot;waste&quot; --</subfield><subfield code='t'>Sunlight on willow --</subfield><subfield code='t'>Hitting the mark --</subfield><subfield code='t'>Masonry stoves --</subfield><subfield code='t'>Praise for one tough tree --</subfield><subfield code='t'>The slow work of healing --</subfield><subfield code='t'>Green lumber, green profits : sustainable forestry in appalachia --</subfield><subfield code='t'>A rising tide floats all logs --</subfield><subfield code='t'>A different fire : the southern pine beetle --</subfield><subfield code='t'>Bullish invasives --</subfield><subfield code='t'>Eastern hemlocks fade from our forests --</subfield><subfield code='t'>Beyond bare-ground : organic Christmas trees in the south --</subfield><subfield code='t'>Bowls for Christmas --</subfield><subfield code='t'>Handmade --</subfield><subfield code='t'>Night walking --</subfield><subfield code='t'>Following myself home.</subfield></datafield><datafield ind1=' ' ind2='0' tag='650'><subfield code='a'>Natural history</subfield><subfield code='z'>Virginia.</subfield></datafield><datafield ind1=' ' ind2='0' tag='650'><subfield code='a'>Natural history</subfield><subfield code='z'>Appalachian Region, Southern.</subfield></datafield><datafield ind1='0' ind2='0' tag='852'><subfield code='h'>QH105.V8 M53 2005g</subfield><subfield code='0'>5194258</subfield><subfield code='b'>scsbcul</subfield></datafield><datafield ind1=' ' ind2=' ' tag='876'><subfield code='0'>5194258</subfield><subfield code='a'>7766487</subfield><subfield code='h'> </subfield><subfield code='j'>Available</subfield><subfield code='p'>CU11780932</subfield><subfield code='t'>1</subfield><subfield code='x'>Shared</subfield><subfield code='z'>CU</subfield><subfield code='l'>RECAP</subfield></datafield></record>