
<record><leader>02755cam a2200469 a 4500</leader><controlfield tag='001'>SCSB-6002993</controlfield><controlfield tag='005'>20000629180028.0</controlfield><controlfield tag='008'>880701m19849999ii b     s   f000 0 eng  </controlfield><controlfield tag='009'>.b111938399</controlfield><datafield ind1=' ' ind2=' ' tag='010'><subfield code='a'>87915034</subfield></datafield><datafield ind1=' ' ind2=' ' tag='040'><subfield code='d'>NN</subfield><subfield code='d'>WaOLN</subfield></datafield><datafield ind1=' ' ind2=' ' tag='043'><subfield code='a'>a-ii---</subfield></datafield><datafield ind1='0' ind2='0' tag='050'><subfield code='a'>HA4587.D33</subfield><subfield code='b'>C46 1984</subfield></datafield><datafield ind1='0' ind2='0' tag='082'><subfield code='a'>304.6/0954/796021</subfield><subfield code='2'>19</subfield></datafield><datafield ind1='0' ind2='0' tag='245'><subfield code='a'>Census of India, 1981.</subfield><subfield code='n'>Series 27, Dadra &amp; Nagar Haveli.</subfield></datafield><datafield ind1=' ' ind2=' ' tag='260'><subfield code='a'>Delhi :</subfield><subfield code='b'>Controller of Publications,</subfield><subfield code='c'>1984-</subfield></datafield><datafield ind1=' ' ind2=' ' tag='300'><subfield code='a'>v. in :</subfield><subfield code='b'>maps ;</subfield><subfield code='c'>29-31 cm.</subfield></datafield><datafield ind1=' ' ind2=' ' tag='500'><subfield code='a'>Issued by S.K. Gandhe, Director of Census Operations, Goa, Daman &amp; Diu and Dadra &amp; Nagar Haveli.</subfield></datafield><datafield ind1=' ' ind2=' ' tag='500'><subfield code='a'>Pt. 12., Census atlas for Dadra &amp; Nagar Haveli is included in pt. 12 of series 29 for Goa, Daman &amp; Diu.</subfield></datafield><datafield ind1='1' ind2=' ' tag='505'><subfield code='a'>pt. 2A. General population tables and pt. 2B. Primary census abstract -- pt. 3A-B. General economic tables, pt. 4A. Social and cultural tables(1 v.) -- pt. 5A-B. Migration tables -- pt. 6A-B. Fertility tables -- 8A-B. Household tables -- pt. 9. Special tables for scheduled castes and scheduled tribes -- 10B. Town survey report: [no. 1] Silvassa -- pt. 10C. Survey report on village : [no. 1] Dapada -- pt. 13A-B. District census handbook : Village and town directory and village and townwise primary census abstract : [no. 1] Dadra &amp; Nagar Haveli.</subfield></datafield><datafield ind1=' ' ind2='0' tag='651'><subfield code='a'>Dādra and Nagar Haveli (India)</subfield><subfield code='v'>Census, 1981.</subfield></datafield><datafield ind1='1' ind2=' ' tag='710'><subfield code='a'>India.</subfield><subfield code='b'>Director of Census Operations, Dadra and Nagar Haveli.</subfield></datafield><datafield ind1=' ' ind2=' ' tag='907'><subfield code='a'>.b111938399</subfield><subfield code='c'>m</subfield><subfield code='d'>a</subfield><subfield code='e'>-</subfield><subfield code='f'>eng</subfield><subfield code='g'>ii</subfield><subfield code='h'>0</subfield><subfield code='i'>9</subfield></datafield><datafield ind1='8' ind2=' ' tag='852'><subfield code='h'>JLN 88-72</subfield><subfield code='0'>6015374</subfield><subfield code='b'>scsbnypl</subfield></datafield><datafield ind1=' ' ind2=' ' tag='866'><subfield code='a'>Ser. 27, pt. 2-A/B (1981), Ser. 27, pt. 3-A/B (1981), Ser. 27, pt. 5-A/B (1981), Ser. 27, pt. 6-A/B (1981), Ser. 27, pt. 13A/B (1981), Ser. 27, pt. 8A/B (1981), Ser. 27, pt. 9 (1981), Ser. 27, pt. 10-B(1) (1981), Ser. 27, pt. 10-C(1) (1981)</subfield><subfield code='0'>6015374</subfield></datafield><datafield ind1=' ' ind2=' ' tag='876'><subfield code='0'>6015374</subfield><subfield code='3'>Ser. 27, pt. 2-A/B (1981)</subfield><subfield code='a'>9705692</subfield><subfield code='h'>In Library Use</subfield><subfield code='j'>Available</subfield><subfield code='p'>33433017570247</subfield><subfield code='t'>1</subfield><subfield code='x'>Shared</subfield><subfield code='z'>NA</subfield><subfield code='l'>RECAP</subfield></datafield><datafield ind1=' ' ind2=' ' tag='876'><subfield code='0'>6015374</subfield><subfield code='3'>Ser. 27, pt. 3-A/B (1981)</subfield><subfield code='a'>9705693</subfield><subfield code='h'>In Library Use</subfield><subfield code='j'>Available</subfield><subfield code='p'>33433017570254</subfield><subfield code='t'>1</subfield><subfield code='x'>Shared</subfield><subfield code='z'>NA</subfield><subfield code='l'>RECAP</subfield></datafield><datafield ind1=' ' ind2=' ' tag='876'><subfield code='0'>6015374</subfield><subfield code='3'>Ser. 27, pt. 5-A/B (1981)</subfield><subfield code='a'>9705694</subfield><subfield code='h'>In Library Use</subfield><subfield code='j'>Available</subfield><subfield code='p'>33433017570262</subfield><subfield code='t'>1</subfield><subfield code='x'>Shared</subfield><subfield code='z'>NA</subfield><subfield code='l'>RECAP</subfield></datafield><datafield ind1=' ' ind2=' ' tag='876'><subfield code='0'>6015374</subfield><subfield code='3'>Ser. 27, pt. 6-A/B (1981)</subfield><subfield code='a'>9705695</subfield><subfield code='h'>In Library Use</subfield><subfield code='j'>Available</subfield><subfield code='p'>33433017570270</subfield><subfield code='t'>1</subfield><subfield code='x'>Shared</subfield><subfield code='z'>NA</subfield><subfield code='l'>RECAP</subfield></datafield><datafield ind1=' ' ind2=' ' tag='876'><subfield code='0'>6015374</subfield><subfield code='3'>Ser. 27, pt. 13A/B (1981)</subfield><subfield code='a'>9705696</subfield><subfield code='h'>In Library Use</subfield><subfield code='j'>Available</subfield><subfield code='p'>33433017570288</subfield><subfield code='t'>1</subfield><subfield code='x'>Shared</subfield><subfield code='z'>NA</subfield><subfield code='l'>RECAP</subfield></datafield><datafield ind1=' ' ind2=' ' tag='876'><subfield code='0'>6015374</subfield><subfield code='3'>Ser. 27, pt. 8A/B (1981)</subfield><subfield code='a'>9705697</subfield><subfield code='h'>In Library Use</subfield><subfield code='j'>Available</subfield><subfield code='p'>33433017570296</subfield><subfield code='t'>1</subfield><subfield code='x'>Shared</subfield><subfield code='z'>NA</subfield><subfield code='l'>RECAP</subfield></datafield><datafield ind1=' ' ind2=' ' tag='876'><subfield code='0'>6015374</subfield><subfield code='3'>Ser. 27, pt. 9 (1981)</subfield><subfield code='a'>9705698</subfield><subfield code='h'>In Library Use</subfield><subfield code='j'>Available</subfield><subfield code='p'>33433017570304</subfield><subfield code='t'>1</subfield><subfield code='x'>Shared</subfield><subfield code='z'>NA</subfield><subfield code='l'>RECAP</subfield></datafield><datafield ind1=' ' ind2=' ' tag='876'><subfield code='0'>6015374</subfield><subfield code='3'>Ser. 27, pt. 10-B(1) (1981)</subfield><subfield code='a'>9705699</subfield><subfield code='h'>In Library Use</subfield><subfield code='j'>Available</subfield><subfield code='p'>33433017570312</subfield><subfield code='t'>1</subfield><subfield code='x'>Shared</subfield><subfield code='z'>NA</subfield><subfield code='l'>RECAP</subfield></datafield><datafield ind1=' ' ind2=' ' tag='876'><subfield code='0'>6015374</subfield><subfield code='3'>Ser. 27, pt. 10-C(1) (1981)</subfield><subfield code='a'>9705700</subfield><subfield code='h'>In Library Use</subfield><subfield code='j'>Available</subfield><subfield code='p'>33433017570320</subfield><subfield code='t'>1</subfield><subfield code='x'>Shared</subfield><subfield code='z'>NA</subfield><subfield code='l'>RECAP</subfield></datafield></record>