
<record><leader>03060cam a2200565 a 4500</leader><controlfield tag='001'>SCSB-5738970</controlfield><controlfield tag='003'>NNC</controlfield><controlfield tag='005'>20230119034849.0</controlfield><controlfield tag='008'>121114m20129999ii b     s   f000 0 eng  </controlfield><controlfield tag='009'>10733818</controlfield><datafield ind1=' ' ind2=' ' tag='010'><subfield code='a'>  2012339375</subfield></datafield><datafield ind1=' ' ind2=' ' tag='019'><subfield code='a'>840879911</subfield></datafield><datafield ind1=' ' ind2=' ' tag='025'><subfield code='a'>I-E-2012-339375</subfield></datafield><datafield ind1=' ' ind2=' ' tag='035'><subfield code='a'>(OCoLC)ocn818327664</subfield></datafield><datafield ind1=' ' ind2=' ' tag='035'><subfield code='a'>(OCoLC)818327664</subfield><subfield code='z'>(OCoLC)840879911</subfield></datafield><datafield ind1=' ' ind2=' ' tag='035'><subfield code='a'>(NNC)10733818</subfield></datafield><datafield ind1=' ' ind2=' ' tag='035'><subfield code='a'>10733818</subfield></datafield><datafield ind1=' ' ind2=' ' tag='037'><subfield code='b'>Library of Congress -- New Delhi Overseas Office</subfield></datafield><datafield ind1=' ' ind2=' ' tag='040'><subfield code='a'>DLC</subfield><subfield code='b'>eng</subfield><subfield code='c'>DLC</subfield><subfield code='d'>OCLCF</subfield><subfield code='d'>COO</subfield><subfield code='d'>ZCU</subfield><subfield code='d'>IXA</subfield></datafield><datafield ind1='0' ind2=' ' tag='041'><subfield code='a'>eng</subfield><subfield code='a'>hin</subfield></datafield><datafield ind1=' ' ind2=' ' tag='042'><subfield code='a'>lcode</subfield></datafield><datafield ind1=' ' ind2=' ' tag='043'><subfield code='a'>a-ii---</subfield></datafield><datafield ind1='0' ind2='0' tag='050'><subfield code='a'>HA4587.D33</subfield><subfield code='b'>C46 2012</subfield></datafield><datafield ind1='0' ind2='0' tag='245'><subfield code='a'>Census of India, 2011.</subfield><subfield code='n'>Series 27,</subfield><subfield code='p'>Dadra &amp; Nagar Haveli = Bhārata ki janagaṇanā, 2011. Śr̥ṅkhalā 27, Dādarā aura Nagara Havelī.</subfield></datafield><datafield ind1='3' ind2='1' tag='246'><subfield code='a'>Bhārata ki janagaṇanā, 2011.</subfield><subfield code='n'>Śr̥ṅkhalā 27,</subfield><subfield code='p'>Dādarā aura Nagara Havelī</subfield></datafield><datafield ind1=' ' ind2=' ' tag='260'><subfield code='a'>Gandhinagar :</subfield><subfield code='b'>Director of Census Operations, Dadra &amp; Nagar Haveli,</subfield><subfield code='c'>2012-</subfield></datafield><datafield ind1=' ' ind2=' ' tag='300'><subfield code='a'>volumes :</subfield><subfield code='b'>color maps ;</subfield><subfield code='c'>29 cm</subfield></datafield><datafield ind1=' ' ind2=' ' tag='336'><subfield code='a'>text</subfield><subfield code='b'>txt</subfield><subfield code='2'>rdacontent</subfield></datafield><datafield ind1=' ' ind2=' ' tag='337'><subfield code='a'>unmediated</subfield><subfield code='b'>n</subfield><subfield code='2'>rdamedia</subfield></datafield><datafield ind1=' ' ind2=' ' tag='338'><subfield code='a'>volume</subfield><subfield code='b'>nc</subfield><subfield code='2'>rdacarrier</subfield></datafield><datafield ind1=' ' ind2=' ' tag='546'><subfield code='a'>English and Hindi.</subfield></datafield><datafield ind1=' ' ind2=' ' tag='500'><subfield code='a'>Chiefly statistical tables.</subfield></datafield><datafield ind1=' ' ind2=' ' tag='500'><subfield code='a'>&quot;DCO-26-002-Dadra &amp; Nagar Haveli (Diglot) 300-2012&quot;--P. 4 of cover.</subfield></datafield><datafield ind1=' ' ind2=' ' tag='500'><subfield code='a'>&quot;Manish Bharadwaj of the Indian Administrative Service, Director of Census Operations, Dadra &amp; Nagar Haveli.&quot;</subfield></datafield><datafield ind1='1' ind2=' ' tag='505'><subfield code='a'>[Pt. 1.] H &amp; HH series. [v. 1] Tables on houses, household amenities and assets for total scheduled castes &amp; scheduled tribes = Makānoṃ, parivāroṃ ko upalabdha suvidhāyeṃ tathā parisampatti sambandhita sāraṇiyām̐ kula parivara, anusūcita jātiyoṃ evam anusūcita janajātiyoṃ ke lie -- [v. 2] Primary Census abstract: Total population : table A-5 ; Scheduled castes population : table A-8 ; Scheduled tribes population : table A-9 = Prathamika janagaṇana sāra: Kula janasaṅkhyā : sāraṇī Ka-5 ; Anusūcita jātiyoṃ kī janasaṅkhyā : sāraṇī Ka-8 ; Anusūcita</subfield></datafield><datafield ind1=' ' ind2='0' tag='650'><subfield code='a'>Households</subfield><subfield code='z'>India</subfield><subfield code='z'>Dādra and Nagar Haveli</subfield><subfield code='v'>Statistics.</subfield></datafield><datafield ind1=' ' ind2='0' tag='650'><subfield code='a'>Housing</subfield><subfield code='z'>India</subfield><subfield code='z'>Dādra and Nagar Haveli</subfield><subfield code='v'>Statistics.</subfield></datafield><datafield ind1=' ' ind2='0' tag='651'><subfield code='a'>Dādra and Nagar Haveli (India)</subfield><subfield code='v'>Census, 2011.</subfield></datafield><datafield ind1=' ' ind2='0' tag='651'><subfield code='a'>India</subfield><subfield code='v'>Census, 2011.</subfield></datafield><datafield ind1=' ' ind2='7' tag='650'><subfield code='a'>Households.</subfield><subfield code='2'>fast</subfield><subfield code='0'>(OCoLC)fst00962162</subfield></datafield><datafield ind1=' ' ind2='7' tag='650'><subfield code='a'>Housing.</subfield><subfield code='2'>fast</subfield><subfield code='0'>(OCoLC)fst00962245</subfield></datafield><datafield ind1=' ' ind2='7' tag='651'><subfield code='a'>India.</subfield><subfield code='2'>fast</subfield><subfield code='0'>(OCoLC)fst01210276</subfield></datafield><datafield ind1=' ' ind2='7' tag='651'><subfield code='a'>India</subfield><subfield code='z'>Dādra and Nagar Haveli.</subfield><subfield code='2'>fast</subfield><subfield code='0'>(OCoLC)fst01212541</subfield></datafield><datafield ind1=' ' ind2='7' tag='648'><subfield code='a'>2011</subfield><subfield code='2'>fast</subfield></datafield><datafield ind1=' ' ind2='7' tag='655'><subfield code='a'>Census data.</subfield><subfield code='2'>fast</subfield><subfield code='0'>(OCoLC)fst01411644</subfield></datafield><datafield ind1=' ' ind2='7' tag='655'><subfield code='a'>Statistics.</subfield><subfield code='2'>fast</subfield><subfield code='0'>(OCoLC)fst01423727</subfield></datafield><datafield ind1='1' ind2=' ' tag='700'><subfield code='a'>Bharadwaj, Manish.</subfield><subfield code='0'>http://id.loc.gov/authorities/names/no2012031475</subfield></datafield><datafield ind1='1' ind2=' ' tag='710'><subfield code='a'>India.</subfield><subfield code='b'>Director of Census Operations, Dadra and Nagar Haveli.</subfield><subfield code='0'>http://id.loc.gov/authorities/names/n82123474</subfield></datafield><datafield ind1='1' ind2=' ' tag='710'><subfield code='a'>India.</subfield><subfield code='b'>Office of the Registrar General &amp; Census Commissioner.</subfield><subfield code='0'>http://id.loc.gov/authorities/names/n85104329</subfield></datafield><datafield ind1='0' ind2='1' tag='852'><subfield code='h'>HA4587.D33 C46 2012</subfield><subfield code='0'>5728790</subfield><subfield code='b'>scsbcul</subfield></datafield><datafield ind1='0' ind2='0' tag='866'><subfield code='a'>[pt.1:v.1-2]</subfield><subfield code='0'>5728790</subfield></datafield><datafield ind1=' ' ind2=' ' tag='876'><subfield code='0'>5728790</subfield><subfield code='3'>pt.1:v.1</subfield><subfield code='a'>8436426</subfield><subfield code='h'> </subfield><subfield code='j'>Available</subfield><subfield code='p'>CU23414839</subfield><subfield code='t'>1</subfield><subfield code='x'>Shared</subfield><subfield code='z'>CU</subfield><subfield code='l'>RECAP</subfield></datafield><datafield ind1=' ' ind2=' ' tag='876'><subfield code='0'>5728790</subfield><subfield code='3'>pt.1:v.2</subfield><subfield code='a'>8436427</subfield><subfield code='h'> </subfield><subfield code='j'>Available</subfield><subfield code='p'>CU25485989</subfield><subfield code='t'>1</subfield><subfield code='x'>Shared</subfield><subfield code='z'>CU</subfield><subfield code='l'>RECAP</subfield></datafield></record>