
<record><leader>03194cam a2200541 a 4500</leader><controlfield tag='001'>SCSB-6002995</controlfield><controlfield tag='003'>CStRLIN</controlfield><controlfield tag='005'>20000629180028.0</controlfield><controlfield tag='008'>880701m19839999ii b     s   f000 0 eng  </controlfield><controlfield tag='009'>.b111938272</controlfield><datafield ind1=' ' ind2=' ' tag='010'><subfield code='a'>87915036</subfield></datafield><datafield ind1=' ' ind2=' ' tag='040'><subfield code='d'>NN</subfield><subfield code='d'>WaOLN</subfield></datafield><datafield ind1=' ' ind2=' ' tag='043'><subfield code='a'>a-ii---</subfield></datafield><datafield ind1='0' ind2='0' tag='050'><subfield code='a'>HA4587.W47</subfield><subfield code='b'>C46 1983</subfield></datafield><datafield ind1='0' ind2='0' tag='082'><subfield code='a'>304.6/0954/799021</subfield><subfield code='2'>19</subfield></datafield><datafield ind1='0' ind2='0' tag='245'><subfield code='a'>Census of India, 1981.</subfield><subfield code='n'>Series 29, Goa, Daman &amp; Diu.</subfield></datafield><datafield ind1=' ' ind2=' ' tag='260'><subfield code='a'>Delhi :</subfield><subfield code='b'>Controller of Publications,</subfield><subfield code='c'>1983-</subfield></datafield><datafield ind1=' ' ind2=' ' tag='300'><subfield code='a'>v. in :</subfield><subfield code='b'>map ;</subfield><subfield code='c'>23-31 cm.</subfield></datafield><datafield ind1=' ' ind2=' ' tag='500'><subfield code='a'>Issued by S.K. Gandhe, Director of Census Operations, Goa, Daman &amp; Diu.</subfield></datafield><datafield ind1=' ' ind2=' ' tag='500'><subfield code='a'>Pt. 12., Census atlas, includes Dadra &amp; Nagar Haveli.</subfield></datafield><datafield ind1='1' ind2=' ' tag='505'><subfield code='a'>pt. 2A. General population tables and pt. 2B. Primary census abstract (1 v.) -- pt. 3A-B. General economic tables and pt 4A. Social and cultural tables (1 v.) -- pt. 5A-B. Migration tables -- pt. 6A-B. Fertility tables -- pt. 7. Tables on houses and disabled population -- pt. 8A-B. Household tables. (i) Household tables on scheduled castes and scheduled tribes -- pt. 9. Special tables for scheduled castes and scheduled tribes -- pt. 10B. Town survey report: [no. 1.] Mapusa -- pt. 10D. Handicraft survey report: [no. 1.] Wood carving in Goa -- pt. 12. Census atlas, Goa, Daman &amp; Diu and Dadra &amp; Nagar Haveli -- pt. 13A-B. District census handbook : Village and town directory and Village and townwise primary census abstract : [no. 1] Goa, Daman, Diu.</subfield></datafield><datafield ind1=' ' ind2='0' tag='651'><subfield code='a'>Goa, Daman and Diu (India)</subfield><subfield code='v'>Census, 1981.</subfield></datafield><datafield ind1=' ' ind2='0' tag='651'><subfield code='a'>India</subfield><subfield code='v'>Census, 1981.</subfield></datafield><datafield ind1='1' ind2=' ' tag='710'><subfield code='a'>India.</subfield><subfield code='b'>Director of Census Operations, Goa, Daman &amp; Diu.</subfield></datafield><datafield ind1=' ' ind2=' ' tag='907'><subfield code='a'>.b111938272</subfield><subfield code='c'>m</subfield><subfield code='d'>a</subfield><subfield code='e'>-</subfield><subfield code='f'>eng</subfield><subfield code='g'>ii</subfield><subfield code='h'>0</subfield><subfield code='i'>11</subfield></datafield><datafield ind1='8' ind2=' ' tag='852'><subfield code='h'>JLN 88-74</subfield><subfield code='0'>6015376</subfield><subfield code='b'>scsbnypl</subfield></datafield><datafield ind1=' ' ind2=' ' tag='866'><subfield code='a'>Ser. 29, pt. 2A/B (1981), Ser. 29, pt. 3A-B and 4A (1981), Ser. 29, pt. 5A/B (1981), Ser. 29, 6A/B (1981), Ser. 29, pt. 8A/B (1981), Ser. 29, pt. 8A-B(1) (1981), Ser. 29, pt. 9 (1981), Ser. 29, pt. 10B (1981), Ser. 29, pt. 10D (1981), Ser. 29, pt. 12 (1981), Ser. 29, pt. 13A-B (1981)</subfield><subfield code='0'>6015376</subfield></datafield><datafield ind1=' ' ind2=' ' tag='876'><subfield code='0'>6015376</subfield><subfield code='3'>Ser. 29, pt. 2A/B (1981)</subfield><subfield code='a'>9705702</subfield><subfield code='h'>In Library Use</subfield><subfield code='j'>Available</subfield><subfield code='p'>33433017570429</subfield><subfield code='t'>1</subfield><subfield code='x'>Shared</subfield><subfield code='z'>NA</subfield><subfield code='l'>RECAP</subfield></datafield><datafield ind1=' ' ind2=' ' tag='876'><subfield code='0'>6015376</subfield><subfield code='3'>Ser. 29, pt. 3A-B and 4A (1981)</subfield><subfield code='a'>9705703</subfield><subfield code='h'>In Library Use</subfield><subfield code='j'>Available</subfield><subfield code='p'>33433017570437</subfield><subfield code='t'>1</subfield><subfield code='x'>Shared</subfield><subfield code='z'>NA</subfield><subfield code='l'>RECAP</subfield></datafield><datafield ind1=' ' ind2=' ' tag='876'><subfield code='0'>6015376</subfield><subfield code='3'>Ser. 29, pt. 5A/B (1981)</subfield><subfield code='a'>9705704</subfield><subfield code='h'>In Library Use</subfield><subfield code='j'>Available</subfield><subfield code='p'>33433017570445</subfield><subfield code='t'>1</subfield><subfield code='x'>Shared</subfield><subfield code='z'>NA</subfield><subfield code='l'>RECAP</subfield></datafield><datafield ind1=' ' ind2=' ' tag='876'><subfield code='0'>6015376</subfield><subfield code='3'>Ser. 29, 6A/B (1981)</subfield><subfield code='a'>9705705</subfield><subfield code='h'>In Library Use</subfield><subfield code='j'>Available</subfield><subfield code='p'>33433017570452</subfield><subfield code='t'>1</subfield><subfield code='x'>Shared</subfield><subfield code='z'>NA</subfield><subfield code='l'>RECAP</subfield></datafield><datafield ind1=' ' ind2=' ' tag='876'><subfield code='0'>6015376</subfield><subfield code='3'>Ser. 29, pt. 8A/B (1981)</subfield><subfield code='a'>9705706</subfield><subfield code='h'>In Library Use</subfield><subfield code='j'>Available</subfield><subfield code='p'>33433017570460</subfield><subfield code='t'>1</subfield><subfield code='x'>Shared</subfield><subfield code='z'>NA</subfield><subfield code='l'>RECAP</subfield></datafield><datafield ind1=' ' ind2=' ' tag='876'><subfield code='0'>6015376</subfield><subfield code='3'>Ser. 29, pt. 8A-B(1) (1981)</subfield><subfield code='a'>9705707</subfield><subfield code='h'>In Library Use</subfield><subfield code='j'>Available</subfield><subfield code='p'>33433017570478</subfield><subfield code='t'>1</subfield><subfield code='x'>Shared</subfield><subfield code='z'>NA</subfield><subfield code='l'>RECAP</subfield></datafield><datafield ind1=' ' ind2=' ' tag='876'><subfield code='0'>6015376</subfield><subfield code='3'>Ser. 29, pt. 9 (1981)</subfield><subfield code='a'>9705708</subfield><subfield code='h'>In Library Use</subfield><subfield code='j'>Available</subfield><subfield code='p'>33433017570486</subfield><subfield code='t'>1</subfield><subfield code='x'>Shared</subfield><subfield code='z'>NA</subfield><subfield code='l'>RECAP</subfield></datafield><datafield ind1=' ' ind2=' ' tag='876'><subfield code='0'>6015376</subfield><subfield code='3'>Ser. 29, pt. 10B (1981)</subfield><subfield code='a'>9705709</subfield><subfield code='h'>In Library Use</subfield><subfield code='j'>Available</subfield><subfield code='p'>33433017570494</subfield><subfield code='t'>1</subfield><subfield code='x'>Shared</subfield><subfield code='z'>NA</subfield><subfield code='l'>RECAP</subfield></datafield><datafield ind1=' ' ind2=' ' tag='876'><subfield code='0'>6015376</subfield><subfield code='3'>Ser. 29, pt. 10D (1981)</subfield><subfield code='a'>9705710</subfield><subfield code='h'>In Library Use</subfield><subfield code='j'>Available</subfield><subfield code='p'>33433017570502</subfield><subfield code='t'>1</subfield><subfield code='x'>Shared</subfield><subfield code='z'>NA</subfield><subfield code='l'>RECAP</subfield></datafield><datafield ind1=' ' ind2=' ' tag='876'><subfield code='0'>6015376</subfield><subfield code='3'>Ser. 29, pt. 12 (1981)</subfield><subfield code='a'>9705711</subfield><subfield code='h'>In Library Use</subfield><subfield code='j'>Available</subfield><subfield code='p'>33433017570510</subfield><subfield code='t'>1</subfield><subfield code='x'>Shared</subfield><subfield code='z'>NA</subfield><subfield code='l'>RECAP</subfield></datafield><datafield ind1=' ' ind2=' ' tag='876'><subfield code='0'>6015376</subfield><subfield code='3'>Ser. 29, pt. 13A-B (1981)</subfield><subfield code='a'>9705712</subfield><subfield code='h'>In Library Use</subfield><subfield code='j'>Available</subfield><subfield code='p'>33433017570528</subfield><subfield code='t'>1</subfield><subfield code='x'>Shared</subfield><subfield code='z'>NA</subfield><subfield code='l'>RECAP</subfield></datafield></record>