
<record><leader>02865cam a2200481 a 4500</leader><controlfield tag='001'>SCSB-5291056</controlfield><controlfield tag='003'>NNC</controlfield><controlfield tag='005'>20221121221738.0</controlfield><controlfield tag='008'>050508m20049999ii b     s    000 0 eng  </controlfield><controlfield tag='009'>5993984</controlfield><datafield ind1=' ' ind2=' ' tag='010'><subfield code='a'>  2005310307</subfield></datafield><datafield ind1=' ' ind2=' ' tag='025'><subfield code='a'>I-E-2005-310307</subfield></datafield><datafield ind1=' ' ind2=' ' tag='035'><subfield code='a'>(OCoLC)ocm61162626</subfield></datafield><datafield ind1=' ' ind2=' ' tag='035'><subfield code='a'>(NNC)5993984</subfield></datafield><datafield ind1=' ' ind2=' ' tag='035'><subfield code='a'>(OCoLC)61162626</subfield></datafield><datafield ind1=' ' ind2=' ' tag='035'><subfield code='a'>5993984</subfield></datafield><datafield ind1=' ' ind2=' ' tag='037'><subfield code='b'>Library of Congress -- New Delhi Overseas Office</subfield><subfield code='c'>Rs740.00 ($41.00 : U.S.)</subfield></datafield><datafield ind1=' ' ind2=' ' tag='040'><subfield code='a'>DLC</subfield><subfield code='c'>DLC</subfield><subfield code='d'>UIU</subfield><subfield code='d'>BTCTA</subfield></datafield><datafield ind1='0' ind2=' ' tag='041'><subfield code='a'>eng</subfield><subfield code='a'>hin</subfield></datafield><datafield ind1=' ' ind2=' ' tag='042'><subfield code='a'>lcode</subfield></datafield><datafield ind1=' ' ind2=' ' tag='043'><subfield code='a'>a-ii---</subfield></datafield><datafield ind1='0' ind2='0' tag='050'><subfield code='a'>HD7361.K47</subfield><subfield code='b'>C46 2004</subfield></datafield><datafield ind1='0' ind2='4' tag='082'><subfield code='a'>304.61095487</subfield><subfield code='b'>M2892001</subfield><subfield code='2'>22</subfield></datafield><datafield ind1='0' ind2='0' tag='245'><subfield code='a'>Census of India, 2001.</subfield><subfield code='n'>Series 33,</subfield><subfield code='p'>Kerala /</subfield><subfield code='c'>[compiled by] Sheela Thomas = Bhārata kī janagaṇana, 2001. Sr̥ṅkhalā 33, Kerala .</subfield></datafield><datafield ind1='3' ind2='1' tag='246'><subfield code='a'>Bhārata kī janagaṇana, 2001.</subfield><subfield code='n'>Sr̥ṅkhalā 33,</subfield><subfield code='p'>Kerala</subfield></datafield><datafield ind1=' ' ind2=' ' tag='260'><subfield code='a'>[Delhi] :</subfield><subfield code='b'>[Controller of Publications,],</subfield><subfield code='c'>[2004-]</subfield></datafield><datafield ind1=' ' ind2=' ' tag='300'><subfield code='a'>volumes :</subfield><subfield code='b'>color map ;</subfield><subfield code='c'>29 cm</subfield></datafield><datafield ind1=' ' ind2=' ' tag='336'><subfield code='a'>text</subfield><subfield code='b'>txt</subfield><subfield code='2'>rdacontent</subfield></datafield><datafield ind1=' ' ind2=' ' tag='337'><subfield code='a'>unmediated</subfield><subfield code='b'>n</subfield><subfield code='2'>rdamedia</subfield></datafield><datafield ind1=' ' ind2=' ' tag='546'><subfield code='a'>English and Hindi.</subfield></datafield><datafield ind1=' ' ind2=' ' tag='500'><subfield code='a'>Pt. 2- lacks statement of responsibility.</subfield></datafield><datafield ind1=' ' ind2=' ' tag='500'><subfield code='a'>v. 1-12, Pt. 12, A &amp; B have title on cover: Village &amp; town primary census abstract.</subfield></datafield><datafield ind1=' ' ind2=' ' tag='500'><subfield code='a'>&quot;PRG-254 (KERALA)/750-2004 (DSK-II)&quot;--Pt. 1, p. 4 of cover.</subfield></datafield><datafield ind1=' ' ind2=' ' tag='500'><subfield code='a'>Chiefly statistical tables.</subfield></datafield><datafield ind1='1' ind2=' ' tag='505'><subfield code='a'>Part [1]. Tables on houses, household amenities, and assets = makānoṃ, parivāroṃ ko upalabdha suvidhāoṃ, tathā parisampatti sambandhita sāraniyām̐ -- pt. [2]. Primary census abstract = Prāthamika janagaṇanā sāra. A-series tables (A-5. Total population; A-6. Institutional population; A-7. Houseless population; A-8. Scheduled castes population; A-9. Scheduled tribes population) -- pt. [3]. Final population totals : state, district, taluk and town -- pt. [4]. Final population totals (supplement) -- pt. 12. District census handbook, A &amp; B. Village &amp; town directory and village &amp; town primary census abstract: [1] Kozhikode -- [2] Kannur -- [3] Kollam -- [4] Alappuzha -- [5] Thrissur -- [6] Idukki -- [7] Thiruvananthapuram -- [8] Pathanamthitta -- [9] Kottayam -- [10] Ernakulam -- [11] Kasaragod -- [12] Wayanad --[13] Malappuram</subfield></datafield><datafield ind1=' ' ind2='0' tag='650'><subfield code='a'>Housing</subfield><subfield code='z'>India</subfield><subfield code='z'>Kerala</subfield><subfield code='v'>Statistics.</subfield></datafield><datafield ind1=' ' ind2='0' tag='650'><subfield code='a'>Households</subfield><subfield code='z'>India</subfield><subfield code='z'>Kerala</subfield><subfield code='v'>Statistics.</subfield></datafield><datafield ind1=' ' ind2='0' tag='651'><subfield code='a'>Kerala (India)</subfield><subfield code='v'>Census, 2001.</subfield></datafield><datafield ind1=' ' ind2='0' tag='651'><subfield code='a'>India</subfield><subfield code='v'>Census, 2001.</subfield><subfield code='0'>http://id.loc.gov/authorities/subjects/sh2008115405</subfield></datafield><datafield ind1='1' ind2=' ' tag='700'><subfield code='a'>Thomas, Sheela.</subfield><subfield code='0'>http://id.loc.gov/authorities/names/no2002092704</subfield></datafield><datafield ind1='1' ind2=' ' tag='710'><subfield code='a'>India.</subfield><subfield code='b'>Director of Census Operations, Kerala.</subfield><subfield code='0'>http://id.loc.gov/authorities/names/n82215170</subfield></datafield><datafield ind1='0' ind2='8' tag='776'><subfield code='i'>Online version:</subfield><subfield code='t'>Census of India, 2001. Series 33, Kerala.</subfield><subfield code='d'>[Delhi : Controller of Publications,] [2004- ]</subfield><subfield code='w'>(OCoLC)607685401</subfield></datafield><datafield ind1=' ' ind2=' ' tag='901'><subfield code='a'>d381a405-72e5-4f46-a315-c9df7fed8cb4</subfield><subfield code='b'>13</subfield><subfield code='c'>false</subfield></datafield><datafield ind1='0' ind2='1' tag='852'><subfield code='h'>HD7361.K47 C46 2004</subfield><subfield code='0'>5278895</subfield><subfield code='b'>scsbcul</subfield></datafield><datafield ind1='0' ind2='0' tag='866'><subfield code='a'>pt.1-4, pt.9, pt.12A&amp;B:[1]-[8], pt.12A&amp;B:[10]-[13]</subfield><subfield code='0'>5278895</subfield></datafield><datafield ind1=' ' ind2=' ' tag='876'><subfield code='0'>5278895</subfield><subfield code='3'>pt.1</subfield><subfield code='a'>7865552</subfield><subfield code='h'> </subfield><subfield code='j'>Available</subfield><subfield code='p'>CU11917636</subfield><subfield code='t'>1</subfield><subfield code='x'>Open</subfield><subfield code='z'>CU</subfield><subfield code='l'>RECAP</subfield></datafield><datafield ind1=' ' ind2=' ' tag='876'><subfield code='0'>5278895</subfield><subfield code='3'>pt.2</subfield><subfield code='a'>7865553</subfield><subfield code='h'> </subfield><subfield code='j'>Available</subfield><subfield code='p'>CU13110705</subfield><subfield code='t'>1</subfield><subfield code='x'>Open</subfield><subfield code='z'>CU</subfield><subfield code='l'>RECAP</subfield></datafield><datafield ind1=' ' ind2=' ' tag='876'><subfield code='0'>5278895</subfield><subfield code='3'>pt.3</subfield><subfield code='a'>7865554</subfield><subfield code='h'> </subfield><subfield code='j'>Available</subfield><subfield code='p'>CU12972096</subfield><subfield code='t'>1</subfield><subfield code='x'>Open</subfield><subfield code='z'>CU</subfield><subfield code='l'>RECAP</subfield></datafield><datafield ind1=' ' ind2=' ' tag='876'><subfield code='0'>5278895</subfield><subfield code='3'>pt.4</subfield><subfield code='a'>7865555</subfield><subfield code='h'> </subfield><subfield code='j'>Available</subfield><subfield code='p'>CU13115545</subfield><subfield code='t'>1</subfield><subfield code='x'>Open</subfield><subfield code='z'>CU</subfield><subfield code='l'>RECAP</subfield></datafield><datafield ind1=' ' ind2=' ' tag='876'><subfield code='0'>5278895</subfield><subfield code='3'>pt.9</subfield><subfield code='a'>7865556</subfield><subfield code='h'> </subfield><subfield code='j'>Available</subfield><subfield code='p'>CU16480775</subfield><subfield code='t'>1</subfield><subfield code='x'>Open</subfield><subfield code='z'>CU</subfield><subfield code='l'>RECAP</subfield></datafield><datafield ind1=' ' ind2=' ' tag='876'><subfield code='0'>5278895</subfield><subfield code='3'>pt.12A&amp;B:v.1</subfield><subfield code='a'>7865557</subfield><subfield code='h'> </subfield><subfield code='j'>Available</subfield><subfield code='p'>CU16649370</subfield><subfield code='t'>1</subfield><subfield code='x'>Open</subfield><subfield code='z'>CU</subfield><subfield code='l'>RECAP</subfield></datafield><datafield ind1=' ' ind2=' ' tag='876'><subfield code='0'>5278895</subfield><subfield code='3'>pt.12A&amp;B:v.2</subfield><subfield code='a'>7865558</subfield><subfield code='h'> </subfield><subfield code='j'>Available</subfield><subfield code='p'>CU16649389</subfield><subfield code='t'>1</subfield><subfield code='x'>Open</subfield><subfield code='z'>CU</subfield><subfield code='l'>RECAP</subfield></datafield><datafield ind1=' ' ind2=' ' tag='876'><subfield code='0'>5278895</subfield><subfield code='3'>pt.12A&amp;B:v.3</subfield><subfield code='a'>7865559</subfield><subfield code='h'> </subfield><subfield code='j'>Available</subfield><subfield code='p'>CU16649397</subfield><subfield code='t'>1</subfield><subfield code='x'>Open</subfield><subfield code='z'>CU</subfield><subfield code='l'>RECAP</subfield></datafield><datafield ind1=' ' ind2=' ' tag='876'><subfield code='0'>5278895</subfield><subfield code='3'>pt.12A&amp;B:v.4</subfield><subfield code='a'>7865560</subfield><subfield code='h'> </subfield><subfield code='j'>Available</subfield><subfield code='p'>CU16649400</subfield><subfield code='t'>1</subfield><subfield code='x'>Open</subfield><subfield code='z'>CU</subfield><subfield code='l'>RECAP</subfield></datafield><datafield ind1=' ' ind2=' ' tag='876'><subfield code='0'>5278895</subfield><subfield code='3'>pt.12A&amp;B:v.5</subfield><subfield code='a'>7865561</subfield><subfield code='h'> </subfield><subfield code='j'>Available</subfield><subfield code='p'>CU16649419</subfield><subfield code='t'>1</subfield><subfield code='x'>Open</subfield><subfield code='z'>CU</subfield><subfield code='l'>RECAP</subfield></datafield><datafield ind1=' ' ind2=' ' tag='876'><subfield code='0'>5278895</subfield><subfield code='3'>pt.12A&amp;B:v.6</subfield><subfield code='a'>7865562</subfield><subfield code='h'> </subfield><subfield code='j'>Available</subfield><subfield code='p'>CU16649427</subfield><subfield code='t'>1</subfield><subfield code='x'>Open</subfield><subfield code='z'>CU</subfield><subfield code='l'>RECAP</subfield></datafield><datafield ind1=' ' ind2=' ' tag='876'><subfield code='0'>5278895</subfield><subfield code='3'>pt.12A&amp;B:v.7</subfield><subfield code='a'>7865563</subfield><subfield code='h'> </subfield><subfield code='j'>Available</subfield><subfield code='p'>CU16649435</subfield><subfield code='t'>1</subfield><subfield code='x'>Open</subfield><subfield code='z'>CU</subfield><subfield code='l'>RECAP</subfield></datafield><datafield ind1=' ' ind2=' ' tag='876'><subfield code='0'>5278895</subfield><subfield code='3'>pt.12A&amp;B:v.8</subfield><subfield code='a'>7865564</subfield><subfield code='h'> </subfield><subfield code='j'>Available</subfield><subfield code='p'>CU16649443</subfield><subfield code='t'>1</subfield><subfield code='x'>Open</subfield><subfield code='z'>CU</subfield><subfield code='l'>RECAP</subfield></datafield><datafield ind1=' ' ind2=' ' tag='876'><subfield code='0'>5278895</subfield><subfield code='3'>pt.12A&amp;B:v.10</subfield><subfield code='a'>7865565</subfield><subfield code='h'> </subfield><subfield code='j'>Available</subfield><subfield code='p'>CU16649451</subfield><subfield code='t'>1</subfield><subfield code='x'>Open</subfield><subfield code='z'>CU</subfield><subfield code='l'>RECAP</subfield></datafield><datafield ind1=' ' ind2=' ' tag='876'><subfield code='0'>5278895</subfield><subfield code='3'>pt.12A&amp;B:v.11</subfield><subfield code='a'>7865566</subfield><subfield code='h'> </subfield><subfield code='j'>Available</subfield><subfield code='p'>CU16649460</subfield><subfield code='t'>1</subfield><subfield code='x'>Open</subfield><subfield code='z'>CU</subfield><subfield code='l'>RECAP</subfield></datafield><datafield ind1=' ' ind2=' ' tag='876'><subfield code='0'>5278895</subfield><subfield code='3'>pt.12A&amp;B:v.12</subfield><subfield code='a'>7865567</subfield><subfield code='h'> </subfield><subfield code='j'>Available</subfield><subfield code='p'>CU16649478</subfield><subfield code='t'>1</subfield><subfield code='x'>Open</subfield><subfield code='z'>CU</subfield><subfield code='l'>RECAP</subfield></datafield><datafield ind1=' ' ind2=' ' tag='876'><subfield code='0'>5278895</subfield><subfield code='3'>pt.12A&amp;B:v.13</subfield><subfield code='a'>7865568</subfield><subfield code='h'> </subfield><subfield code='j'>Available</subfield><subfield code='p'>CU16649486</subfield><subfield code='t'>1</subfield><subfield code='x'>Open</subfield><subfield code='z'>CU</subfield><subfield code='l'>RECAP</subfield></datafield></record>