
<record><leader>00000nam a22002294a 4500</leader><controlfield tag='001'>SCSB-10297299</controlfield><controlfield tag='005'>20071002123814.0</controlfield><controlfield tag='008'>061010s2005    ag       b    000 0 spa  </controlfield><controlfield tag='009'>990102763670203941</controlfield><datafield ind1=' ' ind2=' ' tag='010'><subfield code='a'>^^2007402862</subfield></datafield><datafield ind1=' ' ind2=' ' tag='020'><subfield code='a'>9505086873</subfield></datafield><datafield ind1=' ' ind2=' ' tag='035'><subfield code='a'>(OCoLC)133465900</subfield></datafield><datafield ind1=' ' ind2=' ' tag='040'><subfield code='a'>DLC</subfield><subfield code='c'>DLC</subfield></datafield><datafield ind1=' ' ind2=' ' tag='043'><subfield code='a'>s-ag---</subfield></datafield><datafield ind1='0' ind2='0' tag='050'><subfield code='a'>KHA3742</subfield><subfield code='b'>.M84 2005</subfield></datafield><datafield ind1='1' ind2=' ' tag='100'><subfield code='a'>Muguillo, Roberto Alfredo.</subfield></datafield><datafield ind1='1' ind2='0' tag='245'><subfield code='a'>Publicidad /</subfield><subfield code='c'>Roberto A. Muguillo.</subfield></datafield><datafield ind1=' ' ind2=' ' tag='260'><subfield code='a'>Ciudad de Buenos Aires :</subfield><subfield code='b'>Editorial Astrea de Alfredo y Ricardo Depalma,</subfield><subfield code='c'>2005.</subfield></datafield><datafield ind1=' ' ind2=' ' tag='300'><subfield code='a'>xvi, 366 p. ;</subfield><subfield code='c'>23 cm.</subfield></datafield><datafield ind1=' ' ind2=' ' tag='504'><subfield code='a'>Includes bibliographical references (p. [357]-366)</subfield></datafield><datafield ind1=' ' ind2='0' tag='650'><subfield code='a'>Advertising laws</subfield><subfield code='z'>Argentina.</subfield></datafield><datafield ind1=' ' ind2='0' tag='650'><subfield code='a'>Contracts</subfield><subfield code='z'>Argentina.</subfield></datafield><datafield ind1='1' ind2=' ' tag='583'><subfield code='a'>committed to retain</subfield><subfield code='c'>20181001</subfield><subfield code='d'>in perpetuity</subfield><subfield code='f'>ReCAP Shared Collection</subfield><subfield code='5'>HUL</subfield><subfield code='8'>222103080470003941</subfield></datafield><datafield ind1='8' ind2=' ' tag='852'><subfield code='c'>HD</subfield><subfield code='h'>ARG 949 MUG85 2005</subfield><subfield code='8'>222103080470003941</subfield><subfield code='0'>11063632</subfield><subfield code='b'>scsbhl</subfield></datafield><datafield ind1=' ' ind2=' ' tag='876'><subfield code='0'>11063632</subfield><subfield code='a'>16782246</subfield><subfield code='j'>Available</subfield><subfield code='k'>LAW</subfield><subfield code='p'>32044088506522</subfield><subfield code='x'>Shared</subfield><subfield code='z'>HL</subfield><subfield code='l'>HD</subfield></datafield></record>