
<record><leader>00979nam a2200277ua 4500</leader><controlfield tag='001'>SCSB-8539444</controlfield><controlfield tag='003'>CStRLIN</controlfield><controlfield tag='005'>20000629182155.0</controlfield><controlfield tag='008'>930120s1990    cu       b    000 0 spa d</controlfield><controlfield tag='009'>.b117466402</controlfield><datafield ind1=' ' ind2=' ' tag='040'><subfield code='a'>*PBR*</subfield><subfield code='c'>*PBR*</subfield><subfield code='d'>PPiU</subfield><subfield code='d'>NN</subfield><subfield code='d'>CStRLIN</subfield><subfield code='d'>WaOLN</subfield></datafield><datafield ind1=' ' ind2=' ' tag='043'><subfield code='a'>nwcu---</subfield></datafield><datafield ind1='1' ind2=' ' tag='100'><subfield code='a'>Muñiz, Mirta,</subfield><subfield code='d'>1930-</subfield></datafield><datafield ind1='1' ind2='0' tag='245'><subfield code='a'>Publicidad :</subfield><subfield code='b'>mito y realidad en el socialismo /</subfield><subfield code='c'>Mirta Munĩz.</subfield></datafield><datafield ind1=' ' ind2=' ' tag='260'><subfield code='a'>La Habana :</subfield><subfield code='b'>Editorial Pablo de la Torriente,</subfield><subfield code='c'>1990.</subfield></datafield><datafield ind1=' ' ind2=' ' tag='300'><subfield code='a'>XIV, 34 p. ;</subfield><subfield code='c'>23 cm.</subfield></datafield><datafield ind1='1' ind2=' ' tag='490'><subfield code='a'>Colección Técnica</subfield></datafield><datafield ind1=' ' ind2=' ' tag='504'><subfield code='a'>Bibliography: p. 133-134.</subfield></datafield><datafield ind1=' ' ind2='0' tag='650'><subfield code='a'>Advertising</subfield><subfield code='x'>Social aspects</subfield><subfield code='z'>Cuba.</subfield></datafield><datafield ind1=' ' ind2='0' tag='650'><subfield code='a'>Socialism and creative ability.</subfield></datafield><datafield ind1=' ' ind2='0' tag='830'><subfield code='a'>Coleccíon Técnica (Editorial Pablo de la Torriente)</subfield></datafield><datafield ind1=' ' ind2=' ' tag='907'><subfield code='a'>.b117466402</subfield><subfield code='c'>m</subfield><subfield code='d'>a</subfield><subfield code='e'>-</subfield><subfield code='f'>spa</subfield><subfield code='g'>cu</subfield><subfield code='h'>0</subfield><subfield code='i'>1</subfield></datafield><datafield ind1=' ' ind2=' ' tag='035'><subfield code='a'>(OCoLC)27294449</subfield></datafield><datafield ind1='8' ind2=' ' tag='852'><subfield code='h'>JBE 93-1581</subfield><subfield code='0'>8696811</subfield><subfield code='b'>scsbnypl</subfield></datafield><datafield ind1=' ' ind2=' ' tag='876'><subfield code='0'>8696811</subfield><subfield code='a'>14211049</subfield><subfield code='j'>Available</subfield><subfield code='p'>33433037082660</subfield><subfield code='t'>1</subfield><subfield code='x'>Shared</subfield><subfield code='z'>NA</subfield><subfield code='l'>RECAP</subfield></datafield></record>