
<record><leader>00757cam a2200241   4500</leader><controlfield tag='001'>SCSB-7922731</controlfield><controlfield tag='005'>20000629165920.0</controlfield><controlfield tag='008'>730820s1971    mx            00| 0|spa| </controlfield><controlfield tag='009'>.b101093949</controlfield><datafield ind1=' ' ind2=' ' tag='010'><subfield code='a'>72335118</subfield></datafield><datafield ind1=' ' ind2=' ' tag='040'><subfield code='c'>NN</subfield><subfield code='d'>NN</subfield><subfield code='d'>WaOLN</subfield></datafield><datafield ind1='1' ind2=' ' tag='100'><subfield code='a'>Ferrer Rodríguez, Eulalio.</subfield></datafield><datafield ind1='1' ind2='3' tag='245'><subfield code='a'>La publicidad,</subfield><subfield code='b'>profesión intelectual.</subfield></datafield><datafield ind1=' ' ind2=' ' tag='260'><subfield code='a'>México,</subfield><subfield code='b'>B. Costa-Amic</subfield><subfield code='c'>[1971]</subfield></datafield><datafield ind1=' ' ind2=' ' tag='300'><subfield code='a'>208 p.</subfield><subfield code='c'>21 cm.</subfield></datafield><datafield ind1=' ' ind2=' ' tag='500'><subfield code='a'>Essays and addresses presented between 1963 and 1971.</subfield></datafield><datafield ind1=' ' ind2='0' tag='650'><subfield code='a'>Publicity.</subfield></datafield><datafield ind1=' ' ind2=' ' tag='907'><subfield code='a'>.b101093949</subfield><subfield code='c'>m</subfield><subfield code='d'>a</subfield><subfield code='e'>-</subfield><subfield code='f'>spa</subfield><subfield code='g'>mx</subfield><subfield code='h'>3</subfield><subfield code='i'>1</subfield></datafield><datafield ind1=' ' ind2=' ' tag='991'><subfield code='y'>3141538</subfield></datafield><datafield ind1=' ' ind2=' ' tag='035'><subfield code='a'>(OCoLC)3141538</subfield></datafield><datafield ind1=' ' ind2=' ' tag='901'><subfield code='a'>b2e102cc-3327-4b68-b5c1-9b9e61526718</subfield><subfield code='b'>12</subfield><subfield code='c'>false</subfield></datafield><datafield ind1='8' ind2=' ' tag='852'><subfield code='h'>JLD 73-518</subfield><subfield code='0'>8063645</subfield><subfield code='b'>scsbnypl</subfield></datafield><datafield ind1=' ' ind2=' ' tag='876'><subfield code='0'>8063645</subfield><subfield code='a'>13260038</subfield><subfield code='j'>Available</subfield><subfield code='p'>33433096385277</subfield><subfield code='t'>1</subfield><subfield code='x'>Open</subfield><subfield code='z'>NA</subfield><subfield code='l'>RECAP</subfield></datafield></record>