
<record><leader>01471nam a2200385Ia 4500</leader><controlfield tag='001'>SCSB-15445839</controlfield><controlfield tag='005'>20250620220144.1</controlfield><controlfield tag='008'>990726s1991    ag       bl   000 0 spa d</controlfield><controlfield tag='009'>in00033367100</controlfield><datafield ind1=' ' ind2=' ' tag='035'><subfield code='a'>(OCoLC)80642792</subfield></datafield><datafield ind1=' ' ind2=' ' tag='035'><subfield code='a'>law201439</subfield></datafield><datafield ind1=' ' ind2=' ' tag='040'><subfield code='a'>NNC-L</subfield><subfield code='c'>NNC-L</subfield><subfield code='d'>UtOrBLW</subfield></datafield><datafield ind1=' ' ind2=' ' tag='043'><subfield code='a'>s-ag---</subfield></datafield><datafield ind1=' ' ind2=' ' tag='099'><subfield code='a'>Arg 408</subfield><subfield code='b'>M729 1991</subfield></datafield><datafield ind1='1' ind2=' ' tag='100'><subfield code='a'>Moisset de Espanés, Luis.</subfield><subfield code='0'>n 78064953</subfield><subfield code='0'>http://id.loc.gov/authorities/names/n78064953</subfield></datafield><datafield ind1='1' ind2='0' tag='245'><subfield code='a'>Publicidad registral /</subfield><subfield code='c'>Luis Moisset de Espanés.</subfield></datafield><datafield ind1=' ' ind2='1' tag='264'><subfield code='a'>Córdoba :</subfield><subfield code='b'>Advocatus,</subfield><subfield code='c'>[1991]</subfield></datafield><datafield ind1=' ' ind2='3' tag='264'><subfield code='c'>[1992]</subfield></datafield><datafield ind1=' ' ind2=' ' tag='300'><subfield code='a'>380 pages ;</subfield><subfield code='c'>22 cm</subfield></datafield><datafield ind1=' ' ind2=' ' tag='336'><subfield code='a'>text</subfield><subfield code='b'>txt</subfield><subfield code='2'>rdacontent</subfield></datafield><datafield ind1=' ' ind2=' ' tag='337'><subfield code='a'>unmediated</subfield><subfield code='b'>n</subfield><subfield code='2'>rdamedia</subfield></datafield><datafield ind1=' ' ind2=' ' tag='338'><subfield code='a'>volume</subfield><subfield code='2'>rdacarrier</subfield></datafield><datafield ind1=' ' ind2=' ' tag='504'><subfield code='a'>Includes bibliographical references (pages [367]-371).</subfield></datafield><datafield ind1='1' ind2=' ' tag='590'><subfield code='a'>In Library&apos;s copy p. 15 blank.</subfield></datafield><datafield ind1='1' ind2=' ' tag='590'><subfield code='a'>Library&apos;s copy with the author&apos;s inscription.</subfield></datafield><datafield ind1=' ' ind2='0' tag='650'><subfield code='a'>Recording and registration</subfield><subfield code='z'>Argentina.</subfield><subfield code='0'>sh2010110297</subfield><subfield code='0'>http://id.loc.gov/authorities/subjects/sh2010110297</subfield></datafield><datafield ind1=' ' ind2='0' tag='650'><subfield code='a'>Recording and registration</subfield><subfield code='z'>Argentina</subfield><subfield code='0'>sh2010110297</subfield><subfield code='z'>Córdoba (Province)</subfield></datafield><datafield ind1=' ' ind2=' ' tag='907'><subfield code='a'>.b5500436</subfield><subfield code='b'>2019-05-03</subfield><subfield code='c'>1999-07-12</subfield></datafield><datafield ind1='z' ind2='z' tag='909'><subfield code='o'>oai:pegasus.law.columbia.edu:201439</subfield><subfield code='p'>lawclio</subfield></datafield><datafield ind1=' ' ind2=' ' tag='922'><subfield code='a'>Backstage MARS</subfield><subfield code='b'>2014-05-28</subfield><subfield code='c'>2014-06-06</subfield></datafield><datafield ind1=' ' ind2=' ' tag='922'><subfield code='a'>RDA ENRICHED</subfield></datafield><datafield ind1=' ' ind2=' ' tag='922'><subfield code='a'>MARS</subfield></datafield><datafield ind1=' ' ind2=' ' tag='980'><subfield code='a'>RECAP</subfield></datafield><datafield ind1=' ' ind2=' ' tag='980'><subfield code='a'>BIB</subfield></datafield><datafield ind1=' ' ind2=' ' tag='998'><subfield code='a'>cell</subfield><subfield code='b'>1999-07-26</subfield><subfield code='c'>a</subfield><subfield code='d'>m</subfield><subfield code='e'>-</subfield><subfield code='f'>spa</subfield><subfield code='g'>ag</subfield><subfield code='h'>0</subfield><subfield code='i'>1</subfield></datafield><datafield ind1='0' ind2='0' tag='852'><subfield code='0'>16562077</subfield><subfield code='h'>Arg</subfield><subfield code='i'>408 M729 1991</subfield><subfield code='b'>scsbcul</subfield></datafield><datafield ind1=' ' ind2=' ' tag='876'><subfield code='0'>16562077</subfield><subfield code='a'>23422756</subfield><subfield code='j'>Available</subfield><subfield code='p'>35005017034870</subfield><subfield code='t'>0</subfield><subfield code='x'>Shared</subfield><subfield code='z'>CL</subfield><subfield code='l'>RECAP</subfield></datafield></record>