
<record><leader>01325cam a2200361 a 4500</leader><controlfield tag='001'>SCSB-6713234</controlfield><controlfield tag='003'>OCoLC</controlfield><controlfield tag='005'>20111020112426.0</controlfield><controlfield tag='008'>100527s2009    mx a     b    000 0 spa  </controlfield><controlfield tag='009'>.b185768520</controlfield><datafield ind1=' ' ind2=' ' tag='010'><subfield code='a'>  2010447412</subfield></datafield><datafield ind1=' ' ind2=' ' tag='020'><subfield code='a'>9789684234956</subfield></datafield><datafield ind1=' ' ind2=' ' tag='020'><subfield code='a'>9684234953</subfield></datafield><datafield ind1=' ' ind2=' ' tag='020'><subfield code='a'>9786074120257</subfield></datafield><datafield ind1=' ' ind2=' ' tag='020'><subfield code='a'>6074120250</subfield></datafield><datafield ind1=' ' ind2=' ' tag='040'><subfield code='a'>DLC</subfield><subfield code='c'>DLC</subfield><subfield code='d'>MNU</subfield><subfield code='d'>NYP</subfield></datafield><datafield ind1=' ' ind2=' ' tag='042'><subfield code='a'>pcc</subfield></datafield><datafield ind1=' ' ind2=' ' tag='043'><subfield code='a'>n-mx---</subfield></datafield><datafield ind1=' ' ind2=' ' tag='049'><subfield code='a'>NYPP</subfield></datafield><datafield ind1='0' ind2='0' tag='050'><subfield code='a'>KGF3742</subfield><subfield code='b'>.V55 2009</subfield></datafield><datafield ind1='1' ind2=' ' tag='100'><subfield code='a'>Villanueva, Ernesto,</subfield><subfield code='d'>1966-</subfield></datafield><datafield ind1='1' ind2='0' tag='245'><subfield code='a'>Publicidad oficial :</subfield><subfield code='b'>transparencia y equidad /</subfield><subfield code='c'>Ernesto Villanueva.</subfield></datafield><datafield ind1=' ' ind2=' ' tag='250'><subfield code='a'>1. ed.</subfield></datafield><datafield ind1=' ' ind2=' ' tag='260'><subfield code='a'>México, D. F. :</subfield><subfield code='b'>Editorial Jus :</subfield><subfield code='b'>Universidad Nacional Autónoma de México :</subfield><subfield code='b'>Instituto de Investigaciones Jurídicas :</subfield><subfield code='b'>Fundación para la Libertad de Expresión :</subfield><subfield code='b'>H. Cámara de Diputados del H. Congreso de la Unión,</subfield><subfield code='c'>2009.</subfield></datafield><datafield ind1=' ' ind2=' ' tag='300'><subfield code='a'>237 p. :</subfield><subfield code='b'>ill. ;</subfield><subfield code='c'>20 cm.</subfield></datafield><datafield ind1=' ' ind2=' ' tag='504'><subfield code='a'>Includes bibliographical references (p. 231-237).</subfield></datafield><datafield ind1=' ' ind2='0' tag='650'><subfield code='a'>Government publicity</subfield><subfield code='x'>Law and legislation</subfield><subfield code='z'>Mexico.</subfield></datafield><datafield ind1=' ' ind2='0' tag='650'><subfield code='a'>Publicity (Law)</subfield><subfield code='z'>Mexico.</subfield></datafield><datafield ind1=' ' ind2='0' tag='650'><subfield code='a'>Advertising laws</subfield><subfield code='z'>Mexico.</subfield></datafield><datafield ind1=' ' ind2=' ' tag='907'><subfield code='a'>.b185768520</subfield><subfield code='c'>m</subfield><subfield code='d'>a</subfield><subfield code='e'>-</subfield><subfield code='f'>spa</subfield><subfield code='g'>mx</subfield><subfield code='h'>0</subfield><subfield code='i'>1</subfield></datafield><datafield ind1=' ' ind2=' ' tag='035'><subfield code='a'>(OCoLC)657087416</subfield></datafield><datafield ind1='8' ind2=' ' tag='852'><subfield code='h'>ReCAP 11-37315</subfield><subfield code='0'>6794728</subfield><subfield code='b'>scsbnypl</subfield></datafield><datafield ind1=' ' ind2=' ' tag='876'><subfield code='0'>6794728</subfield><subfield code='a'>10951077</subfield><subfield code='j'>Available</subfield><subfield code='p'>33433092855620</subfield><subfield code='t'>1</subfield><subfield code='x'>Shared</subfield><subfield code='z'>NA</subfield><subfield code='l'>RECAP</subfield></datafield></record>