
<record><leader>00680nam a2200193 a 4500</leader><controlfield tag='001'>SCSB-10817861</controlfield><controlfield tag='005'>20020606093309.7</controlfield><controlfield tag='008'>920331s1991    pe a          000|0 spa d</controlfield><controlfield tag='009'>990025090760203941</controlfield><datafield ind1=' ' ind2=' ' tag='035'><subfield code='a'>(OCoLC)38084674</subfield></datafield><datafield ind1=' ' ind2=' ' tag='043'><subfield code='a'>cl-----</subfield></datafield><datafield ind1=' ' ind2='4' tag='050'><subfield code='a'>HF5813.L29</subfield><subfield code='b'>.B46 1991x</subfield></datafield><datafield ind1='1' ind2=' ' tag='100'><subfield code='a'>Benítez, José A.</subfield></datafield><datafield ind1='1' ind2='0' tag='245'><subfield code='a'>Publicidad comercial :</subfield><subfield code='b'>dependencia económica y alienación sociocultural /</subfield><subfield code='c'>José A. Benítez ; prólogo, Winston Orrillo.</subfield></datafield><datafield ind1=' ' ind2=' ' tag='260'><subfield code='a'>Lima-Perú :</subfield><subfield code='b'>Editorial Causachun,</subfield><subfield code='c'>1991.</subfield></datafield><datafield ind1=' ' ind2=' ' tag='300'><subfield code='a'>135 p. :</subfield><subfield code='b'>ill. ;</subfield><subfield code='c'>21 cm.</subfield></datafield><datafield ind1='1' ind2=' ' tag='490'><subfield code='a'>Colección Comunicación y sociedad</subfield></datafield><datafield ind1=' ' ind2='0' tag='650'><subfield code='a'>Advertising</subfield><subfield code='x'>Social aspects</subfield><subfield code='z'>Latin America.</subfield></datafield><datafield ind1=' ' ind2='0' tag='650'><subfield code='a'>Advertising</subfield><subfield code='x'>Defense industries</subfield><subfield code='z'>Latin America.</subfield></datafield><datafield ind1=' ' ind2='0' tag='830'><subfield code='a'>Colección Comunicación y sociedad.</subfield></datafield><datafield ind1='1' ind2=' ' tag='583'><subfield code='a'>committed to retain</subfield><subfield code='c'>20181001</subfield><subfield code='d'>in perpetuity</subfield><subfield code='f'>ReCAP Shared Collection</subfield><subfield code='5'>HUL</subfield><subfield code='8'>221838435680003941</subfield></datafield><datafield ind1='0' ind2=' ' tag='852'><subfield code='c'>HD</subfield><subfield code='h'>HF5813.L29</subfield><subfield code='i'>.B46 1991x</subfield><subfield code='0'>11608418</subfield><subfield code='b'>scsbhl</subfield></datafield><datafield ind1=' ' ind2=' ' tag='876'><subfield code='0'>11608418</subfield><subfield code='a'>17353567</subfield><subfield code='h'> </subfield><subfield code='j'>Available</subfield><subfield code='k'>WID</subfield><subfield code='p'>HNE2JH</subfield><subfield code='x'>Shared</subfield><subfield code='z'>HW</subfield><subfield code='l'>HD</subfield></datafield></record>