
<record><leader>00940nam a2200277Ia 4500</leader><controlfield tag='001'>SCSB-6186607</controlfield><controlfield tag='003'>OCoLC</controlfield><controlfield tag='005'>20060623063414.5</controlfield><controlfield tag='008'>060622s1954    sp a          000 0 spa d</controlfield><controlfield tag='009'>.b164106698</controlfield><datafield ind1=' ' ind2=' ' tag='040'><subfield code='a'>NYP</subfield><subfield code='c'>NYP</subfield><subfield code='d'>UtOrBLW</subfield></datafield><datafield ind1=' ' ind2=' ' tag='043'><subfield code='a'>e-sp---</subfield></datafield><datafield ind1=' ' ind2=' ' tag='049'><subfield code='a'>NYPP</subfield></datafield><datafield ind1='1' ind2=' ' tag='100'><subfield code='a'>Casas Santasusana, Enrique.</subfield></datafield><datafield ind1='1' ind2='0' tag='245'><subfield code='a'>Publicidad por radio.</subfield></datafield><datafield ind1=' ' ind2=' ' tag='250'><subfield code='a'>1. ed.</subfield></datafield><datafield ind1=' ' ind2=' ' tag='260'><subfield code='a'>Barcelona :</subfield><subfield code='b'>Juan Bruguer,</subfield><subfield code='c'>1954.</subfield></datafield><datafield ind1=' ' ind2=' ' tag='300'><subfield code='a'>235 p. :</subfield><subfield code='b'>ill. ;</subfield><subfield code='c'>22 cm.</subfield></datafield><datafield ind1='0' ind2=' ' tag='490'><subfield code='a'>Biblioteca moderna de publicidad ;</subfield><subfield code='v'>5</subfield></datafield><datafield ind1=' ' ind2=' ' tag='500'><subfield code='a'>&quot;Con un apédice sobre publicidad televisada.&quot;</subfield></datafield><datafield ind1=' ' ind2='0' tag='650'><subfield code='a'>Radio advertising</subfield><subfield code='z'>Spain.</subfield></datafield><datafield ind1=' ' ind2='0' tag='650'><subfield code='a'>Television advertising</subfield><subfield code='z'>Spain.</subfield></datafield><datafield ind1=' ' ind2=' ' tag='907'><subfield code='a'>.b164106698</subfield><subfield code='c'>m</subfield><subfield code='d'>a</subfield><subfield code='e'>-</subfield><subfield code='f'>spa</subfield><subfield code='g'>sp</subfield><subfield code='h'>0</subfield><subfield code='i'>1</subfield></datafield><datafield ind1=' ' ind2=' ' tag='035'><subfield code='a'>(OCoLC)70163052</subfield></datafield><datafield ind1='8' ind2=' ' tag='852'><subfield code='h'>TW (Casas Santasusana, E. Publicidad por radio)</subfield><subfield code='0'>6208593</subfield><subfield code='b'>scsbnypl</subfield></datafield><datafield ind1=' ' ind2=' ' tag='876'><subfield code='0'>6208593</subfield><subfield code='a'>10174293</subfield><subfield code='j'>Available</subfield><subfield code='p'>33433070726058</subfield><subfield code='t'>1</subfield><subfield code='x'>Shared</subfield><subfield code='z'>NA</subfield><subfield code='l'>RECAP</subfield></datafield></record>