
<record><leader>00000nam a22003614a 4500</leader><controlfield tag='001'>SCSB-10703466</controlfield><controlfield tag='005'>20110616121609.0</controlfield><controlfield tag='008'>110408s2009    sy       bd   000 0cara d</controlfield><controlfield tag='009'>990118304060203941</controlfield><datafield ind1=' ' ind2=' ' tag='035'><subfield code='a'>(MH)011830406HVD01-Aleph</subfield></datafield><datafield ind1=' ' ind2=' ' tag='035'><subfield code='a'>(OCoLC)711880779</subfield></datafield><datafield ind1=' ' ind2=' ' tag='040'><subfield code='a'>PAU</subfield><subfield code='b'>eng</subfield><subfield code='c'>PAU</subfield></datafield><datafield ind1=' ' ind2='4' tag='050'><subfield code='a'>BP70</subfield><subfield code='b'>.N38 2009</subfield></datafield><datafield ind1='0' ind2=' ' tag='100'><subfield code='6'>880-01</subfield><subfield code='a'>Nawawī,</subfield><subfield code='d'>1233-1277</subfield></datafield><datafield ind1='1' ind2='0' tag='245'><subfield code='6'>880-02</subfield><subfield code='a'>Tahdhīb al-asmāʼ wa-al-lughāt /</subfield><subfield code='c'>li-Abī Zakarīyā Muḥyī al-Dīn Yaḥyá ibn Sharaf al-Nawawī ; ṣaḥḥaḥahu wa-kharraja aḥādīthahu ʻĀdil Murshid, ʻĀmir Ghaḍbān.</subfield></datafield><datafield ind1=' ' ind2=' ' tag='250'><subfield code='6'>880-03</subfield><subfield code='a'>al-Ṭabʻah 1.</subfield></datafield><datafield ind1=' ' ind2=' ' tag='260'><subfield code='6'>880-04</subfield><subfield code='a'>Dimashq :</subfield><subfield code='b'>Dār al-Risālah al-ʻĀlamīyah,</subfield><subfield code='c'>2009.</subfield></datafield><datafield ind1=' ' ind2=' ' tag='300'><subfield code='a'>824 p. ;</subfield><subfield code='c'>25 cm.</subfield></datafield><datafield ind1=' ' ind2=' ' tag='504'><subfield code='a'>Includes bibliographical references.</subfield></datafield><datafield ind1=' ' ind2='0' tag='650'><subfield code='a'>Muslims</subfield><subfield code='v'>Biography</subfield><subfield code='v'>Early works to 1800.</subfield></datafield><datafield ind1=' ' ind2='0' tag='650'><subfield code='a'>Islam</subfield><subfield code='v'>Biography</subfield><subfield code='v'>Early works to 1800.</subfield></datafield><datafield ind1=' ' ind2='0' tag='650'><subfield code='a'>Islam</subfield><subfield code='v'>Dictionaries</subfield><subfield code='x'>Arabic</subfield><subfield code='v'>Early works to 1800.</subfield></datafield><datafield ind1=' ' ind2='0' tag='650'><subfield code='a'>Arabic language</subfield><subfield code='v'>Dictionaries</subfield><subfield code='x'>Arabic</subfield><subfield code='v'>Early works to 1800.</subfield></datafield><datafield ind1='1' ind2=' ' tag='700'><subfield code='6'>880-05</subfield><subfield code='a'>Murshid, ʻĀdil.</subfield></datafield><datafield ind1='1' ind2=' ' tag='700'><subfield code='6'>880-06</subfield><subfield code='a'>Ghaḍbān, ʻĀmir.</subfield></datafield><datafield ind1=' ' ind2=' ' tag='752'><subfield code='a'>Syria</subfield><subfield code='d'>Damascus.</subfield></datafield><datafield ind1='0' ind2=' ' tag='880'><subfield code='6'>100-01/</subfield><subfield code='a'>نووي،</subfield><subfield code='d'>1233-1277.</subfield></datafield><datafield ind1='1' ind2='0' tag='880'><subfield code='6'>245-02/</subfield><subfield code='a'>تهذيب الأسماء واللغات /</subfield><subfield code='c'>لأبي زكريا محيي الدين يحيى بن شرف النووي ؛ صححه وخرج أحاديثه عادل مرشد، عامر غضبان.</subfield></datafield><datafield ind1=' ' ind2=' ' tag='880'><subfield code='6'>250-03/</subfield><subfield code='a'>الطبعة 1.</subfield></datafield><datafield ind1=' ' ind2=' ' tag='880'><subfield code='6'>260-04/</subfield><subfield code='a'>دمشق :</subfield><subfield code='b'>دار الرسالة العالمية،</subfield><subfield code='c'>2009.</subfield></datafield><datafield ind1='1' ind2=' ' tag='880'><subfield code='6'>700-05/</subfield><subfield code='a'>مرشد، عادل.</subfield></datafield><datafield ind1='1' ind2=' ' tag='880'><subfield code='6'>700-06/</subfield><subfield code='a'>غضبان، عامر.</subfield></datafield><datafield ind1='1' ind2=' ' tag='583'><subfield code='a'>committed to retain</subfield><subfield code='c'>20181001</subfield><subfield code='d'>in perpetuity</subfield><subfield code='f'>ReCAP Shared Collection</subfield><subfield code='5'>HUL</subfield><subfield code='8'>222123862600003941</subfield></datafield><datafield ind1='0' ind2=' ' tag='852'><subfield code='c'>HD</subfield><subfield code='h'>BP70</subfield><subfield code='i'>.N38 2009</subfield><subfield code='8'>222123862600003941</subfield><subfield code='0'>11490661</subfield><subfield code='b'>scsbhl</subfield></datafield><datafield ind1=' ' ind2=' ' tag='876'><subfield code='0'>11490661</subfield><subfield code='a'>17230828</subfield><subfield code='j'>Available</subfield><subfield code='k'>WID</subfield><subfield code='p'>32044120541875</subfield><subfield code='x'>Shared</subfield><subfield code='z'>HW</subfield><subfield code='l'>HD</subfield></datafield></record>