
<record><leader>02626cam a2200505 a 4500</leader><controlfield tag='001'>SCSB-4171344</controlfield><controlfield tag='003'>NNC</controlfield><controlfield tag='005'>20221019212349.0</controlfield><controlfield tag='008'>910710s1927    ua            000 0 ara d</controlfield><controlfield tag='009'>3072943</controlfield><datafield ind1=' ' ind2=' ' tag='010'><subfield code='a'>   75223910 </subfield></datafield><datafield ind1=' ' ind2=' ' tag='019'><subfield code='a'>24047041</subfield></datafield><datafield ind1=' ' ind2=' ' tag='035'><subfield code='a'>(OCoLC)60388802</subfield></datafield><datafield ind1=' ' ind2=' ' tag='035'><subfield code='a'>(OCoLC)ocm60388802</subfield></datafield><datafield ind1=' ' ind2=' ' tag='035'><subfield code='a'>(OCoLC)60388802</subfield><subfield code='z'>(OCoLC)24047041</subfield></datafield><datafield ind1=' ' ind2=' ' tag='035'><subfield code='a'>(NNC)3072943</subfield></datafield><datafield ind1=' ' ind2=' ' tag='035'><subfield code='a'>3072943</subfield></datafield><datafield ind1=' ' ind2=' ' tag='040'><subfield code='a'>CtY</subfield><subfield code='b'>eng</subfield><subfield code='c'>YUS</subfield><subfield code='d'>DLC</subfield><subfield code='d'>MBB</subfield><subfield code='d'>EUX</subfield><subfield code='d'>OCLCF</subfield></datafield><datafield ind1=' ' ind2=' ' tag='042'><subfield code='a'>lccopycat</subfield></datafield><datafield ind1='0' ind2='0' tag='050'><subfield code='a'>BP70</subfield><subfield code='b'>.N38 1927</subfield></datafield><datafield ind1=' ' ind2='4' tag='050'><subfield code='a'>PJ7741.N35</subfield><subfield code='b'>T3</subfield></datafield><datafield ind1='0' ind2=' ' tag='100'><subfield code='6'>880-01</subfield><subfield code='a'>Nawawī,</subfield><subfield code='d'>1233-1277.</subfield><subfield code='0'>http://id.loc.gov/authorities/names/n82009538</subfield></datafield><datafield ind1='1' ind2='0' tag='245'><subfield code='6'>880-02</subfield><subfield code='a'>Tahdhīb al-asmāʼ wa-al-lughāt /</subfield><subfield code='c'>li-Abī Zakarīyā Muḥyī al-Dīn ibn Sharaf al-Nawawī ; ʻuniyat bi-nashrihi wa-taṣḥīḥihi wa-al-taʻlīq ʻalayhi wa-muqābalat uṣūlihi Sharikat al-ʻUlamāʼ bi-musāʻadat Idārat al-Ṭibāʻah al-Munīrīyah.</subfield></datafield><datafield ind1=' ' ind2=' ' tag='260'><subfield code='6'>880-03</subfield><subfield code='a'>Miṣr :</subfield><subfield code='b'>Idārat al-Ṭibāʻah al-Munīrīyah,</subfield><subfield code='c'>[1927]</subfield></datafield><datafield ind1=' ' ind2=' ' tag='300'><subfield code='a'>volumes &lt;2, pt.1-2&gt; ;</subfield><subfield code='c'>26 cm</subfield></datafield><datafield ind1=' ' ind2=' ' tag='336'><subfield code='a'>text</subfield><subfield code='b'>txt</subfield><subfield code='2'>rdacontent</subfield></datafield><datafield ind1=' ' ind2=' ' tag='337'><subfield code='a'>unmediated</subfield><subfield code='b'>n</subfield><subfield code='2'>rdamedia</subfield></datafield><datafield ind1=' ' ind2=' ' tag='500'><subfield code='a'>&quot;Qūbila ʻalá ghayr nuskhah.&quot;</subfield></datafield><datafield ind1='0' ind2=' ' tag='505'><subfield code='a'>Qism 1. Tahdhīb al-asmāʼ -- Qism 2. Tahdhīb al-lughāt.</subfield></datafield><datafield ind1=' ' ind2='0' tag='650'><subfield code='a'>Islam</subfield><subfield code='v'>Biography</subfield><subfield code='v'>Early works to 1800.</subfield></datafield><datafield ind1=' ' ind2='0' tag='650'><subfield code='a'>Islam</subfield><subfield code='v'>Dictionaries</subfield><subfield code='x'>Arabic</subfield><subfield code='v'>Early works to 1800.</subfield></datafield><datafield ind1=' ' ind2='0' tag='650'><subfield code='a'>Arabic language</subfield><subfield code='v'>Dictionaries</subfield><subfield code='v'>Early works to 1800.</subfield></datafield><datafield ind1=' ' ind2='7' tag='650'><subfield code='a'>Arabic language.</subfield><subfield code='2'>fast</subfield><subfield code='0'>(OCoLC)fst00812287</subfield></datafield><datafield ind1=' ' ind2='7' tag='650'><subfield code='a'>Islam.</subfield><subfield code='2'>fast</subfield><subfield code='0'>(OCoLC)fst00979776</subfield></datafield><datafield ind1=' ' ind2='7' tag='655'><subfield code='a'>Biographies.</subfield><subfield code='2'>fast</subfield><subfield code='0'>(OCoLC)fst01423686</subfield></datafield><datafield ind1=' ' ind2='7' tag='655'><subfield code='a'>Dictionaries.</subfield><subfield code='2'>fast</subfield><subfield code='0'>(OCoLC)fst01423826</subfield></datafield><datafield ind1=' ' ind2='7' tag='655'><subfield code='a'>Early works.</subfield><subfield code='2'>fast</subfield><subfield code='0'>(OCoLC)fst01411636</subfield></datafield><datafield ind1='2' ind2=' ' tag='710'><subfield code='6'>880-04</subfield><subfield code='a'>Idārat al-Ṭibāʻah al-Munīrīyah (Egypt)</subfield><subfield code='0'>http://id.loc.gov/authorities/names/n88296768</subfield></datafield><datafield ind1='0' ind2='8' tag='776'><subfield code='i'>Online version:</subfield><subfield code='a'>Nawawī, 1233-1277.</subfield><subfield code='t'>Tahdhīb al-asmāʼ wa-al-lughāt.</subfield><subfield code='d'>Miṣr : Idārat al-Ṭibāʻah al-Munīrīyah, [1927]</subfield><subfield code='w'>(OCoLC)654609528</subfield></datafield><datafield ind1='0' ind2=' ' tag='880'><subfield code='6'>100-01/r</subfield><subfield code='a'>نووي,</subfield><subfield code='d'>1233-1277.</subfield></datafield><datafield ind1='1' ind2='0' tag='880'><subfield code='6'>245-02/r</subfield><subfield code='a'>تهذيب الأسماء واللغات /</subfield><subfield code='c'>لابي زكريا محيي الدين بن شرف النووي ؛ عنيت بنشره وتصحيحه والتعليق عليه ومقابلة أصوله شركة العلماء بمساعدة إدارة الطباعة المنيرية.</subfield></datafield><datafield ind1=' ' ind2=' ' tag='880'><subfield code='6'>260-03/r</subfield><subfield code='a'>مصر :</subfield><subfield code='b'>إدارة الطباعة المنيرية،</subfield><subfield code='c'>[1927]</subfield></datafield><datafield ind1='2' ind2=' ' tag='880'><subfield code='6'>710-04/r</subfield><subfield code='a'>إدارة الطباعة المنيرية (مصر)</subfield></datafield><datafield ind1='8' ind2='1' tag='852'><subfield code='h'>893.7112 N2323</subfield><subfield code='0'>4183567</subfield><subfield code='b'>scsbcul</subfield></datafield><datafield ind1='0' ind2='0' tag='866'><subfield code='a'>v.1-2</subfield><subfield code='0'>4183567</subfield></datafield><datafield ind1=' ' ind2=' ' tag='876'><subfield code='0'>4183567</subfield><subfield code='3'>v.1:pt.1</subfield><subfield code='a'>6049595</subfield><subfield code='h'> </subfield><subfield code='j'>Available</subfield><subfield code='p'>CU23997249</subfield><subfield code='t'>1</subfield><subfield code='x'>Shared</subfield><subfield code='z'>CU</subfield><subfield code='l'>RECAP</subfield></datafield><datafield ind1=' ' ind2=' ' tag='876'><subfield code='0'>4183567</subfield><subfield code='3'>v.1:pt.2</subfield><subfield code='a'>6049596</subfield><subfield code='h'> </subfield><subfield code='j'>Available</subfield><subfield code='p'>CU23997265</subfield><subfield code='t'>1</subfield><subfield code='x'>Shared</subfield><subfield code='z'>CU</subfield><subfield code='l'>RECAP</subfield></datafield><datafield ind1=' ' ind2=' ' tag='876'><subfield code='0'>4183567</subfield><subfield code='3'>v.2:pt.1-2</subfield><subfield code='a'>6049597</subfield><subfield code='h'>In Library Use</subfield><subfield code='j'>Available</subfield><subfield code='p'>CU23997257</subfield><subfield code='t'>1</subfield><subfield code='x'>Shared</subfield><subfield code='z'>CU</subfield><subfield code='l'>RECAP</subfield></datafield><datafield ind1='0' ind2='1' tag='852'><subfield code='h'>BP70 .N38 1927g</subfield><subfield code='0'>4183568</subfield><subfield code='b'>scsbcul</subfield></datafield><datafield ind1='0' ind2='0' tag='866'><subfield code='a'>v.1-2</subfield><subfield code='0'>4183568</subfield></datafield><datafield ind1=' ' ind2=' ' tag='876'><subfield code='0'>4183568</subfield><subfield code='3'>v.1</subfield><subfield code='a'>6049598</subfield><subfield code='h'> </subfield><subfield code='j'>Available</subfield><subfield code='p'>CU23447664</subfield><subfield code='t'>1</subfield><subfield code='x'>Shared</subfield><subfield code='z'>CU</subfield><subfield code='l'>RECAP</subfield></datafield><datafield ind1=' ' ind2=' ' tag='876'><subfield code='0'>4183568</subfield><subfield code='3'>v.2</subfield><subfield code='a'>6049599</subfield><subfield code='h'> </subfield><subfield code='j'>Available</subfield><subfield code='p'>CU23447672</subfield><subfield code='t'>1</subfield><subfield code='x'>Shared</subfield><subfield code='z'>CU</subfield><subfield code='l'>RECAP</subfield></datafield></record>