
<record><leader>01385cam a22003371i 4500</leader><controlfield tag='001'>SCSB-3322629</controlfield><controlfield tag='003'>NNC</controlfield><controlfield tag='005'>20220608225257.0</controlfield><controlfield tag='008'>780504s1974    gw a     b    000 0 ger  </controlfield><controlfield tag='009'>1752229</controlfield><datafield ind1=' ' ind2=' ' tag='010'><subfield code='a'>   75406540 </subfield></datafield><datafield ind1=' ' ind2=' ' tag='015'><subfield code='a'>GFR75-A</subfield></datafield><datafield ind1=' ' ind2=' ' tag='020'><subfield code='a'>3920153383 :</subfield><subfield code='c'>DM88.00</subfield></datafield><datafield ind1=' ' ind2=' ' tag='035'><subfield code='a'>(OCoLC)ocm04958620</subfield></datafield><datafield ind1=' ' ind2=' ' tag='035'><subfield code='9'>ALG4177CU</subfield></datafield><datafield ind1=' ' ind2=' ' tag='035'><subfield code='a'>(NNC)1752229</subfield></datafield><datafield ind1=' ' ind2=' ' tag='035'><subfield code='a'>1752229</subfield></datafield><datafield ind1=' ' ind2=' ' tag='040'><subfield code='a'>DLC</subfield><subfield code='c'>DLC</subfield><subfield code='d'>ZCU</subfield></datafield><datafield ind1='0' ind2='0' tag='050'><subfield code='a'>PT1658.T4</subfield><subfield code='b'>W338</subfield></datafield><datafield ind1='0' ind2='4' tag='245'><subfield code='a'>Der Welsche Gast des Thomasîn von Zerclaere :</subfield><subfield code='b'>Cod. Pal. Germ. 389 d. Universitätsbibliothek Heidelberg : Einführung in Thomasins Verswerk /</subfield><subfield code='c'>Friedrich Neumann. Die Handschrift und ihre Bilder / Ewald Vetter.</subfield></datafield><datafield ind1=' ' ind2=' ' tag='260'><subfield code='a'>Wiesbaden :</subfield><subfield code='b'>Reichert,</subfield><subfield code='c'>1974.</subfield></datafield><datafield ind1=' ' ind2=' ' tag='300'><subfield code='a'>207 pages :</subfield><subfield code='b'>13 illustrations ;</subfield><subfield code='c'>19 cm.</subfield></datafield><datafield ind1=' ' ind2=' ' tag='336'><subfield code='a'>text</subfield><subfield code='b'>txt</subfield><subfield code='2'>rdacontent</subfield></datafield><datafield ind1=' ' ind2=' ' tag='337'><subfield code='a'>unmediated</subfield><subfield code='b'>n</subfield><subfield code='2'>rdamedia</subfield></datafield><datafield ind1='1' ind2=' ' tag='490'><subfield code='a'>Facsimilia Heidelbergensia ;</subfield><subfield code='v'>Bd. 4</subfield></datafield><datafield ind1=' ' ind2=' ' tag='504'><subfield code='a'>Includes bibliographical references.</subfield></datafield><datafield ind1='0' ind2='0' tag='600'><subfield code='a'>Thomasin,</subfield><subfield code='c'>von Zerclaere,</subfield><subfield code='d'>approximately 1186-approximately 1235.</subfield><subfield code='t'>Wälsche Gast.</subfield><subfield code='0'>http://id.loc.gov/authorities/names/n83228271</subfield></datafield><datafield ind1='1' ind2='2' tag='700'><subfield code='a'>Neumann, Friedrich,</subfield><subfield code='d'>1889-1978.</subfield><subfield code='t'>Einführung in Thomasins Verswerk.</subfield><subfield code='f'>1974.</subfield></datafield><datafield ind1='1' ind2='2' tag='700'><subfield code='a'>Vetter, Ewald M.</subfield><subfield code='t'>Handschrift und ihre Bilder.</subfield><subfield code='f'>1974.</subfield></datafield><datafield ind1=' ' ind2='0' tag='830'><subfield code='a'>Facsimilia Heidelbergensia ;</subfield><subfield code='v'>Bd. 4.</subfield><subfield code='0'>http://id.loc.gov/authorities/names/n42011180</subfield></datafield><datafield ind1='0' ind2='0' tag='852'><subfield code='h'>PT1658.T4 W338</subfield><subfield code='0'>3306636</subfield><subfield code='b'>scsbcul</subfield></datafield><datafield ind1=' ' ind2=' ' tag='876'><subfield code='0'>3306636</subfield><subfield code='a'>5025851</subfield><subfield code='h'> </subfield><subfield code='j'>Available</subfield><subfield code='p'>1000486124</subfield><subfield code='t'>1</subfield><subfield code='x'>Shared</subfield><subfield code='z'>CU</subfield><subfield code='l'>RECAP</subfield></datafield></record>