
<record><leader>00000cam a2200325Ia 4500</leader><controlfield tag='001'>SCSB-11352560</controlfield><controlfield tag='005'>20050206205050.0</controlfield><controlfield tag='008'>021129s2002    gw af    b    100 0 ger d</controlfield><controlfield tag='009'>990090683720203941</controlfield><datafield ind1='7' ind2=' ' tag='016'><subfield code='a'>962757357</subfield><subfield code='2'>GyFmDB</subfield></datafield><datafield ind1=' ' ind2=' ' tag='020'><subfield code='a'>3412098019 (hd. bd.)</subfield></datafield><datafield ind1=' ' ind2=' ' tag='035'><subfield code='a'>(OCoLC)51169725</subfield></datafield><datafield ind1=' ' ind2=' ' tag='040'><subfield code='a'>OHX</subfield><subfield code='c'>OHX</subfield><subfield code='d'>CUV</subfield><subfield code='d'>OCLCQ</subfield></datafield><datafield ind1=' ' ind2=' ' tag='043'><subfield code='a'>e-gx---</subfield></datafield><datafield ind1=' ' ind2='4' tag='050'><subfield code='a'>ND3151</subfield><subfield code='b'>.B48 2002</subfield></datafield><datafield ind1='1' ind2='4' tag='060'><subfield code='a'>53.46</subfield></datafield><datafield ind1=' ' ind2='7' tag='072'><subfield code='a'>PT</subfield><subfield code='2'>lcco</subfield></datafield><datafield ind1=' ' ind2='7' tag='072'><subfield code='a'>N</subfield><subfield code='2'>lcco</subfield></datafield><datafield ind1=' ' ind2='7' tag='072'><subfield code='a'>Z</subfield><subfield code='2'>lcco</subfield></datafield><datafield ind1=' ' ind2=' ' tag='090'><subfield code='a'>ND3151</subfield><subfield code='b'>.B48 2002</subfield></datafield><datafield ind1='0' ind2='0' tag='245'><subfield code='a'>Beweglichkeit der Bilder :</subfield><subfield code='b'>Text und Imagination in den illustrierten Handschriften des &quot;Welschen Gastes&quot; von Thomasin von Zerclaere /</subfield><subfield code='c'>herausgegeben von Horst Wenzel und Christina Lechtermann.</subfield></datafield><datafield ind1=' ' ind2=' ' tag='260'><subfield code='a'>Köln :</subfield><subfield code='b'>Böhlau,</subfield><subfield code='c'>2002.</subfield></datafield><datafield ind1=' ' ind2=' ' tag='300'><subfield code='a'>vi, 281 p., [16] p. of plates :</subfield><subfield code='b'>ill. (some col.) ;</subfield><subfield code='c'>27 cm.</subfield></datafield><datafield ind1='1' ind2=' ' tag='490'><subfield code='a'>Pictura et Poesis ;</subfield><subfield code='v'>Bd. 15</subfield></datafield><datafield ind1=' ' ind2=' ' tag='500'><subfield code='a'>Internat. conference proceedings.</subfield></datafield><datafield ind1='0' ind2=' ' tag='505'><subfield code='a'>Einleitung / Horst Wenzel -- Der &quot;Welsche Gast&quot; des Thomasin von Zerclaere / Claudia Brinkler -- Mise en page. Zur ikonischen Struktur der Ilustrationen von Thomasins &quot;Welschem Gast&quot; / Norbert H. Ott -- Narration im Bild / Karin Lerchner -- Der Dichter und der Bote / Horst Wenzel -- Medienorientiertes Lernen im &quot;Welschen Gast&quot; am Beispiel des &quot;Lektürekatalogs&quot; / Haiko Wandhoff -- From symbol to scene: changing strategies of representation in the manuscripts of the &quot;Welsche Gast&quot; / Kathryn Starkey -- Affekterregung und höfische Literatur im &quot;Welschen Gast&quot; / Christina Lechtermann -- Das Aufzeichnungsgebot in Bild einundvierzig und seine Abschriften im &quot;Welschen Gast&quot; des Thomasin von Zerclaere / Sarah Romeyke -- Thomasins unstete-Begriff in Wort und Bild / Andreas Klare -- Die illustrierten Farbeln und Tierbilder im &quot;Welschen Gast&quot; des Thomasin von Zerclaere / Claudia Kühn -- Die Frauenkleidung in den Bildinszenierungen des &quot;Welschen Gastes&quot; / Gertrud Blaschitz -- Ein Theodizee-Argument des &quot;Welschen Gastes&quot; im Horizont europäischer Gefängnis-Literatur von Boethius bis Vladimir Nabokov / Meinolf Schumacher.</subfield></datafield><datafield ind1=' ' ind2='0' tag='650'><subfield code='a'>Illumination of books and manuscripts, German</subfield></datafield><datafield ind1=' ' ind2='0' tag='650'><subfield code='a'>Illumination of books and manuscripts, Medieval</subfield><subfield code='z'>Germany</subfield></datafield><datafield ind1='0' ind2='0' tag='600'><subfield code='a'>Thomasin,</subfield><subfield code='c'>von Zerclaere,</subfield><subfield code='d'>approximately 1186-approximately 1235.</subfield><subfield code='t'>Wälsche Gast</subfield></datafield><datafield ind1='1' ind2=' ' tag='700'><subfield code='a'>Wenzel, Horst,</subfield><subfield code='d'>1941-</subfield></datafield><datafield ind1='1' ind2=' ' tag='700'><subfield code='a'>Lechtermann, Christina</subfield></datafield><datafield ind1=' ' ind2='0' tag='830'><subfield code='a'>Pictura et poesis</subfield><subfield code='v'>Bd. 15.</subfield></datafield><datafield ind1=' ' ind2=' ' tag='901'><subfield code='a'>efd537f6-914e-4166-a423-e9e21c91a6d2</subfield><subfield code='b'>25</subfield><subfield code='c'>false</subfield></datafield><datafield ind1='0' ind2=' ' tag='852'><subfield code='c'>HD</subfield><subfield code='h'>ND3151</subfield><subfield code='i'>.B48 2002</subfield><subfield code='0'>12158978</subfield><subfield code='b'>scsbhl</subfield></datafield><datafield ind1=' ' ind2=' ' tag='876'><subfield code='0'>12158978</subfield><subfield code='a'>17925024</subfield><subfield code='h'> </subfield><subfield code='j'>Available</subfield><subfield code='k'>WID</subfield><subfield code='p'>HXMT21</subfield><subfield code='x'>Open</subfield><subfield code='z'>HW</subfield><subfield code='l'>HD</subfield></datafield></record>
</collection>